

@article{Aad:2012tfa,
      author         = "Aad, Georges and others",
      title          = "{Observation of a new particle in the search for the
                        Standard Model Higgs boson with the ATLAS detector at the
                        LHC}",
      collaboration  = "ATLAS",
      journal        = "Phys. Lett.",
      volume         = "B716",
      year           = "2012",
      pages          = "1-29",
      doi            = "10.1016/j.physletb.2012.08.020",
      eprint         = "1207.7214",
      archivePrefix  = "arXiv",
      primaryClass   = "hep-ex",
      reportNumber   = "CERN-PH-EP-2012-218",
      SLACcitation   = "%%CITATION = ARXIV:1207.7214;%%"
}

@article{Chatrchyan:2012xdj,
      author         = "Chatrchyan, Serguei and others",
      title          = "{Observation of a New Boson at a Mass of 125 GeV with the
                        CMS Experiment at the LHC}",
      collaboration  = "CMS",
      journal        = "Phys. Lett.",
      volume         = "B716",
      year           = "2012",
      pages          = "30-61",
      doi            = "10.1016/j.physletb.2012.08.021",
      eprint         = "1207.7235",
      archivePrefix  = "arXiv",
      primaryClass   = "hep-ex",
      reportNumber   = "CMS-HIG-12-028, CERN-PH-EP-2012-220",
      SLACcitation   = "%%CITATION = ARXIV:1207.7235;%%"
}


@article{Abada:2019lih,
      author         = "Abada, A. and others",
      title          = "{FCC Physics Opportunities}",
      collaboration  = "FCC",
      journal        = "Eur. Phys. J.",
      volume         = "C79",
      year           = "2019",
      number         = "6",
      pages          = "474",
      doi            = "10.1140/epjc/s10052-019-6904-3",
      reportNumber   = "CERN-ACC-2018-0056",
      SLACcitation   = "%%CITATION = EPHJA,C79,474;%%"
}

@article{Abada:2019zxq,
      author         = "Abada, A. and others",
      title          = "{FCC-ee: The Lepton Collider}",
      collaboration  = "FCC",
      journal        = "Eur. Phys. J. ST",
      volume         = "228",
      year           = "2019",
      number         = "2",
      pages          = "261-623",
      doi            = "10.1140/epjst/e2019-900045-4",
      reportNumber   = "CERN-ACC-2018-0057",
      SLACcitation   = "%%CITATION = 00619,228,261;%%"
}

@article{Benedikt:2018csr,
      author         = "Abada, A. and others",
      title          = "{FCC-hh: The Hadron Collider}",
      collaboration  = "FCC",
      journal        = "Eur. Phys. J. ST",
      volume         = "228",
      year           = "2019",
      number         = "4",
      pages          = "755-1107",
      doi            = "10.1140/epjst/e2019-900087-0",
      reportNumber   = "CERN-ACC-2018-0058",
      SLACcitation   = "%%CITATION = 00619,228,755;%%"
}


@article{CEPCStudyGroup:2018rmc,
      title          = "{CEPC Conceptual Design Report: Volume 1 - Accelerator}",
      collaboration  = "CEPC Study Group",
      year           = "2018",
      eprint         = "1809.00285",
      archivePrefix  = "arXiv",
      primaryClass   = "physics.acc-ph",
      reportNumber   = "IHEP-CEPC-DR-2018-01, IHEP-AC-2018-01",
      SLACcitation   = "%%CITATION = ARXIV:1809.00285;%%"
}

@article{CEPCStudyGroup:2018ghi,
      author         = "Dong, Mingyi and others",
      editor         = "Guimarães da Costa, João Barreiro and Gao, Yuanning and
                        Jin, Shan and Qian, Jianming and Tully, Christopher G. and
                        Young, Charles and Wang, Lian-Tao and Ruan, Manqi and Zhu,
                        Hongbo and Ouyang, Qun and others ",
      title          = "{CEPC Conceptual Design Report: Volume 2 - Physics \&
                        Detector}",
      collaboration  = "CEPC Study Group",
      year           = "2018",
      eprint         = "1811.10545",
      archivePrefix  = "arXiv",
      primaryClass   = "hep-ex",
      reportNumber   = "IHEP-CEPC-DR-2018-02, IHEP-EP-2018-01, IHEP-TH-2018-01",
      SLACcitation   = "%%CITATION = ARXIV:1811.10545;%%"
}

@article{Xu:1986xb,
      author         = "Xu, Zhan and Zhang, Da-Hua and Chang, Lee",
      title          = "{Helicity Amplitudes for Multiple Bremsstrahlung in
                        Massless Nonabelian Gauge Theories}",
      journal        = "Nucl. Phys.",
      volume         = "B291",
      year           = "1987",
      pages          = "392-428",
      doi            = "10.1016/0550-3213(87)90479-2",
      reportNumber   = "TUTP-86/9a, TUTP-84-3, TUTP-84-4, TUTP-84-5",
      SLACcitation   = "%%CITATION = NUPHA,B291,392;%%"
}


@article{DeCausmaecker:1981jtq,
      author         = "De Causmaecker, P. and Gastmans, R. and Troost, W. and
                        Wu, Tai Tsun",
      title          = "{Multiple Bremsstrahlung in Gauge Theories at
                        High-Energies. 1. General Formalism for Quantum
                        Electrodynamics}",
      journal        = "Nucl. Phys.",
      volume         = "B206",
      year           = "1982",
      pages          = "53-60",
      doi            = "10.1016/0550-3213(82)90488-6",
      reportNumber   = "DESY-81-050",
      SLACcitation   = "%%CITATION = NUPHA,B206,53;%%"
}


@article{Berends:1981rb,
      author         = "Berends, Frits A. and Kleiss, R. and De Causmaecker, P.
                        and Gastmans, R. and Wu, Tai Tsun",
      title          = "{Single Bremsstrahlung Processes in Gauge Theories}",
      journal        = "Phys. Lett.",
      volume         = "103B",
      year           = "1981",
      pages          = "124-128",
      doi            = "10.1016/0370-2693(81)90685-7",
      reportNumber   = "Print-81-0356 (LEIDEN)",
      SLACcitation   = "%%CITATION = PHLTA,103B,124;%%"
}

@article{Kleiss:1985yh,
      author         = "Kleiss, R. and Stirling, W. James",
      title          = "{Spinor Techniques for Calculating p anti-p ---> W+- / Z0
                        + Jets}",
      journal        = "Nucl. Phys.",
      volume         = "B262",
      year           = "1985",
      pages          = "235-262",
      doi            = "10.1016/0550-3213(85)90285-8",
      reportNumber   = "CERN-TH-4186-85",
      SLACcitation   = "%%CITATION = NUPHA,B262,235;%%"
}


@article{Gunion:1985vca,
      author         = "Gunion, J. F. and Kunszt, Z.",
      title          = "{Improved Analytic Techniques for Tree Graph Calculations
                        and the G g q anti-q Lepton anti-Lepton Subprocess}",
      booktitle      = "{Oregon Workshop on Super High-energy Physics Eugene,
                        Oregon, March 18-August 15, 1985}",
      journal        = "Phys. Lett.",
      volume         = "161B",
      year           = "1985",
      pages          = "333",
      doi            = "10.1016/0370-2693(85)90774-9",
      reportNumber   = "OITS-296, UCD-85/3",
      SLACcitation   = "%%CITATION = PHLTA,161B,333;%%"
}


@article{Jin:2019ile,
      author         = "Jin, Qingjun and Yang, Gang",
      title          = "{Hidden Analytic Relations for Two-Loop Higgs Amplitudes
                        in QCD}",
      year           = "2019",
      eprint         = "1904.07260",
      archivePrefix  = "arXiv",
      primaryClass   = "hep-th",
      SLACcitation   = "%%CITATION = ARXIV:1904.07260;%%"
}




@article{Dixon:2009uk,
      author         = "Dixon, Lance J. and Sofianatos, Yorgos",
      title          = "{Analytic one-loop amplitudes for a Higgs boson plus four
                        partons}",
      journal        = "JHEP",
      volume         = "08",
      year           = "2009",
      pages          = "058",
      doi            = "10.1088/1126-6708/2009/08/058",
      eprint         = "0906.0008",
      archivePrefix  = "arXiv",
      primaryClass   = "hep-ph",
      reportNumber   = "SLAC-PUB-13652",
      SLACcitation   = "%%CITATION = ARXIV:0906.0008;%%"
}


@article{Badger:2009hw,
      author         = "Badger, Simon and Nigel Glover, E. W. and Mastrolia,
                        Pierpaolo and Williams, Ciaran",
      title          = "{One-loop Higgs plus four gluon amplitudes: Full analytic
                        results}",
      journal        = "JHEP",
      volume         = "01",
      year           = "2010",
      pages          = "036",
      doi            = "10.1007/JHEP01(2010)036",
      eprint         = "0909.4475",
      archivePrefix  = "arXiv",
      primaryClass   = "hep-ph",
      reportNumber   = "IPPP-09-58, CERN-PH-TH-2009-163, DESY-09-138",
      SLACcitation   = "%%CITATION = ARXIV:0909.4475;%%"
}


@article{Badger:2009vh,
      author         = "Badger, Simon and Campbell, John M. and Ellis, R. Keith
                        and Williams, Ciaran",
      title          = "{Analytic results for the one-loop NMHV Hqqgg amplitude}",
      journal        = "JHEP",
      volume         = "12",
      year           = "2009",
      pages          = "035",
      doi            = "10.1088/1126-6708/2009/12/035",
      eprint         = "0910.4481",
      archivePrefix  = "arXiv",
      primaryClass   = "hep-ph",
      reportNumber   = "DESY-09-180, FERMILAB-PUB-09-505-T, IPPP-09-86",
      SLACcitation   = "%%CITATION = ARXIV:0910.4481;%%"
}


@article{Alday:2009zm,
      author         = "Alday, Luis F. and Henn, Johannes M. and Plefka, Jan and
                        Schuster, Theodor",
      title          = "{Scattering into the fifth dimension of N=4 super
                        Yang-Mills}",
      journal        = "JHEP",
      volume         = "01",
      year           = "2010",
      pages          = "077",
      doi            = "10.1007/JHEP01(2010)077",
      eprint         = "0908.0684",
      archivePrefix  = "arXiv",
      primaryClass   = "hep-th",
      reportNumber   = "HU-EP-09-35",
      SLACcitation   = "%%CITATION = ARXIV:0908.0684;%%"
}


@article{Craig:2011ws,
      author         = "Craig, Nathaniel and Elvang, Henriette and Kiermaier,
                        Michael and Slatyer, Tracy",
      title          = "{Massive amplitudes on the Coulomb branch of N=4 SYM}",
      journal        = "JHEP",
      volume         = "12",
      year           = "2011",
      pages          = "097",
      doi            = "10.1007/JHEP12(2011)097",
      eprint         = "1104.2050",
      archivePrefix  = "arXiv",
      primaryClass   = "hep-th",
      reportNumber   = "RUNHETC-2011-08, MCTP-11-17, PUPT-2370",
      SLACcitation   = "%%CITATION = ARXIV:1104.2050;%%"
}


@article{Henn:2011by,
      author         = "Henn, Johannes M. and Moch, Sven and Naculich, Stephen
                        G.",
      title          = "{Form factors and scattering amplitudes in N=4 SYM in
                        dimensional and massive regularizations}",
      journal        = "JHEP",
      volume         = "12",
      year           = "2011",
      pages          = "024",
      doi            = "10.1007/JHEP12(2011)024",
      eprint         = "1109.5057",
      archivePrefix  = "arXiv",
      primaryClass   = "hep-th",
      reportNumber   = "HU-EP-11-41, DESY-11-148, BOW-PH-150, NSF-KITP-11-197",
      SLACcitation   = "%%CITATION = ARXIV:1109.5057;%%"
}



@article{Beisert:2010jr,
      author         = "Beisert, Niklas and others",
      title          = "{Review of AdS/CFT Integrability: An Overview}",
      journal        = "Lett. Math. Phys.",
      volume         = "99",
      year           = "2012",
      pages          = "3-32",
      doi            = "10.1007/s11005-011-0529-2",
      eprint         = "1012.3982",
      archivePrefix  = "arXiv",
      primaryClass   = "hep-th",
      reportNumber   = "AEI-2010-175, CERN-PH-TH-2010-306, HU-EP-10-87,
                        HU-MATH-2010-22, KCL-MTH-10-10, UMTG-270, UUITP-41-10",
      SLACcitation   = "%%CITATION = ARXIV:1012.3982;%%"
}


@article{Chetyrkin:1997sg,
      author         = "Chetyrkin, K. G. and Kniehl, Bernd A. and Steinhauser,
                        M.",
      title          = "{Strong coupling constant with flavor thresholds at four
                        loops in the MS scheme}",
      journal        = "Phys. Rev. Lett.",
      volume         = "79",
      year           = "1997",
      pages          = "2184-2187",
      doi            = "10.1103/PhysRevLett.79.2184",
      eprint         = "hep-ph/9706430",
      archivePrefix  = "arXiv",
      primaryClass   = "hep-ph",
      reportNumber   = "MPI-PHT-97-025",
      SLACcitation   = "%%CITATION = HEP-PH/9706430;%%"
}


@article{Chetyrkin:1997un,
      author         = "Chetyrkin, K. G. and Kniehl, Bernd A. and Steinhauser,
                        M.",
      title          = "{Decoupling relations to O (alpha-s**3) and their
                        connection to low-energy theorems}",
      journal        = "Nucl. Phys.",
      volume         = "B510",
      year           = "1998",
      pages          = "61-87",
      doi            = "10.1016/S0550-3213(98)81004-3,
                        10.1016/S0550-3213(97)00649-4",
      eprint         = "hep-ph/9708255",
      archivePrefix  = "arXiv",
      primaryClass   = "hep-ph",
      reportNumber   = "MPI-PHT-97-041, MPI-PHT-97-41",
      SLACcitation   = "%%CITATION = HEP-PH/9708255;%%"
}


@article{supplemental,
      author         = "Jin, Qingjun and Yang, Gang",
      title            = "{Supplemental Material.}",
      journal        = "Supplemental Material"
}


@article{Banerjee:2017faz,
      author         = "Banerjee, Pulak and Dhani, Prasanna K. and Ravindran, V.",
      title          = "{Two loop QCD corrections for the process Pseudo-scalar
                        Higgs $\rightarrow 3$ partons}",
      journal        = "JHEP",
      volume         = "10",
      year           = "2017",
      pages          = "067",
      doi            = "10.1007/JHEP10(2017)067",
      eprint         = "1708.02387",
      archivePrefix  = "arXiv",
      primaryClass   = "hep-ph",
      reportNumber   = "IMSC-2017-08-06, IMSc/2017/08/06",
      SLACcitation   = "%%CITATION = ARXIV:1708.02387;%%"
}

@article{Jin:2018fak,
      author         = "Jin, Qingjun and Yang, Gang",
      title          = "{Analytic Two-Loop Higgs Amplitudes in Effective Field
                        Theory and the Maximal Transcendentality Principle}",
      journal        = "Phys. Rev. Lett.",
      volume         = "121",
      year           = "2018",
      number         = "10",
      pages          = "101603",
      doi            = "10.1103/PhysRevLett.121.101603",
      eprint         = "1804.04653",
      archivePrefix  = "arXiv",
      primaryClass   = "hep-th",
      SLACcitation   = "%%CITATION = ARXIV:1804.04653;%%"
}

@article{Drummond:2007au,
      author         = "Drummond, J. M. and Henn, J. and Korchemsky, G. P. and
                        Sokatchev, E.",
      title          = "{Conformal Ward identities for Wilson loops and a test of
                        the duality with gluon amplitudes}",
      journal        = "Nucl. Phys.",
      volume         = "B826",
      year           = "2010",
      pages          = "337-364",
      doi            = "10.1016/j.nuclphysb.2009.10.013",
      eprint         = "0712.1223",
      archivePrefix  = "arXiv",
      primaryClass   = "hep-th",
      reportNumber   = "LAPTH-1224-07, LPT-ORSAY-07-133",
      SLACcitation   = "%%CITATION = ARXIV:0712.1223;%%"
}

@article{Abreu:2019odu,
      author         = "Abreu, S. and Dormans, J. and Febres Cordero, F. and Ita,
                        H. and Page, B. and Sotnikov, V.",
      title          = "{Analytic Form of the Planar Two-Loop Five-Parton
                        Scattering Amplitudes in QCD}",
      year           = "2019",
      eprint         = "1904.00945",
      archivePrefix  = "arXiv",
      primaryClass   = "hep-ph",
      reportNumber   = "CP3-19-13, FR-PHENO-2019-002, IPhT-19-024",
      SLACcitation   = "%%CITATION = ARXIV:1904.00945;%%"
}

@article{Abreu:2018zmy,
      author         = "Abreu, S. and Dormans, J. and Febres Cordero, F. and Ita,
                        H. and Page, B.",
      title          = "{Analytic Form of Planar Two-Loop Five-Gluon Scattering
                        Amplitudes in QCD}",
      journal        = "Phys. Rev. Lett.",
      volume         = "122",
      year           = "2019",
      number         = "8",
      pages          = "082002",
      doi            = "10.1103/PhysRevLett.122.082002",
      eprint         = "1812.04586",
      archivePrefix  = "arXiv",
      primaryClass   = "hep-ph",
      SLACcitation   = "%%CITATION = ARXIV:1812.04586;%%"
}

@article{Badger:2018enw,
      author         = "Badger, Simon and Brønnum-Hansen, Christian and
                        Hartanto, Heribertus Bayu and Peraro, Tiziano",
      title          = "{Analytic helicity amplitudes for two-loop five-gluon
                        scattering: the single-minus case}",
      journal        = "JHEP",
      volume         = "01",
      year           = "2019",
      pages          = "186",
      doi            = "10.1007/JHEP01(2019)186",
      eprint         = "1811.11699",
      archivePrefix  = "arXiv",
      primaryClass   = "hep-ph",
      reportNumber   = "ZU-TH 44/1, IPPP/18/10",
      SLACcitation   = "%%CITATION = ARXIV:1811.11699;%%"
}

@article{Hahn:2000kx,
      author         = "Hahn, Thomas",
      title          = "{Generating Feynman diagrams and amplitudes with FeynArts
                        3}",
      journal        = "Comput. Phys. Commun.",
      volume         = "140",
      year           = "2001",
      pages          = "418-431",
      doi            = "10.1016/S0010-4655(01)00290-9",
      eprint         = "hep-ph/0012260",
      archivePrefix  = "arXiv",
      primaryClass   = "hep-ph",
      reportNumber   = "KA-TP-23-2000",
      SLACcitation   = "%%CITATION = HEP-PH/0012260;%%"
}

@article{Drummond:2007au,
      author         = "Drummond, J. M. and Henn, J. and Korchemsky, G. P. and
                        Sokatchev, E.",
      title          = "{Conformal Ward identities for Wilson loops and a test of
                        the duality with gluon amplitudes}",
      journal        = "Nucl. Phys.",
      volume         = "B826",
      year           = "2010",
      pages          = "337-364",
      doi            = "10.1016/j.nuclphysb.2009.10.013",
      eprint         = "0712.1223",
      archivePrefix  = "arXiv",
      primaryClass   = "hep-th",
      reportNumber   = "LAPTH-1224-07, LPT-ORSAY-07-133",
      SLACcitation   = "%%CITATION = ARXIV:0712.1223;%%"
}


@article{Brandhuber:2017bkg,
      author         = "Brandhuber, Andreas and Kostacinska, Martyna and Penante,
                        Brenda and Travaglini, Gabriele",
      title          = "{Higgs amplitudes from $\mathcal{N}=4$ super Yang-Mills
                        theory}",
      journal        = "Phys. Rev. Lett.",
      volume         = "119",
      year           = "2017",
      number         = "16",
      pages          = "161601",
      doi            = "10.1103/PhysRevLett.119.161601",
      eprint         = "1707.09897",
      archivePrefix  = "arXiv",
      primaryClass   = "hep-th",
      reportNumber   = "QMUL-PH-17-12, CERN-TH-2017-155, HU-EP-17-18,
                        NSF-ITP-17-090",
      SLACcitation   = "%%CITATION = ARXIV:1707.09897;%%"
}

@article{Brandhuber:2018xzk,
      author         = "Brandhuber, Andreas and Kostacinska, Martyna and Penante,
                        Brenda and Travaglini, Gabriele",
      title          = "{$\text{Tr}(F^3)$ supersymmetric form factors and maximal
                        transcendentality Part I: $\mathcal{N}=4$ super
                        Yang-Mills}",
      journal        = "JHEP",
      volume         = "12",
      year           = "2018",
      pages          = "076",
      doi            = "10.1007/JHEP12(2018)076",
      eprint         = "1804.05703",
      archivePrefix  = "arXiv",
      primaryClass   = "hep-th",
      reportNumber   = "QMUL-PH-18-01, CERN-TH-2018-063",
      SLACcitation   = "%%CITATION = ARXIV:1804.05703;%%"
}

@article{Brandhuber:2018kqb,
      author         = "Brandhuber, Andreas and Kostacinska, Martyna and Penante,
                        Brenda and Travaglini, Gabriele",
      title          = "{$\text{Tr}(F^3)$ supersymmetric form factors and maximal
                        transcendentality Part II: $0<\mathcal{N}<4$ super
                        Yang-Mills}",
      journal        = "JHEP",
      volume         = "12",
      year           = "2018",
      pages          = "077",
      doi            = "10.1007/JHEP12(2018)077",
      eprint         = "1804.05828",
      archivePrefix  = "arXiv",
      primaryClass   = "hep-th",
      reportNumber   = "QMUL-PH-18-05, CERN-TH-2018-064",
      SLACcitation   = "%%CITATION = ARXIV:1804.05828;%%"
}


@article{Parke:1986gb,
      author         = "Parke, Stephen J. and Taylor, T. R.",
      title          = "{An Amplitude for $n$ Gluon Scattering}",
      journal        = "Phys. Rev. Lett.",
      volume         = "56",
      year           = "1986",
      pages          = "2459",
      doi            = "10.1103/PhysRevLett.56.2459",
      reportNumber   = "FERMILAB-PUB-86-042-T",
      SLACcitation   = "%%CITATION = PRLTA,56,2459;%%"
}

@article{DelDuca:2010zg,
      author         = "Del Duca, Vittorio and Duhr, Claude and Smirnov, Vladimir
                        A.",
      title          = "{The Two-Loop Hexagon Wilson Loop in N = 4 SYM}",
      journal        = "JHEP",
      volume         = "05",
      year           = "2010",
      pages          = "084",
      doi            = "10.1007/JHEP05(2010)084",
      eprint         = "1003.1702",
      archivePrefix  = "arXiv",
      primaryClass   = "hep-th",
      reportNumber   = "IPPP-10-21, DCPT-10-42, CERN-PH-TH-2010-059",
      SLACcitation   = "%%CITATION = ARXIV:1003.1702;%%"
}

@article{Gehrmann:2001jv,
      author         = "Gehrmann, T. and Remiddi, E.",
      title          = "{Numerical evaluation of two-dimensional harmonic
                        polylogarithms}",
      journal        = "Comput. Phys. Commun.",
      volume         = "144",
      year           = "2002",
      pages          = "200-223",
      doi            = "10.1016/S0010-4655(02)00139-X",
      eprint         = "hep-ph/0111255",
      archivePrefix  = "arXiv",
      primaryClass   = "hep-ph",
      reportNumber   = "CERN-TH-2001-326",
      SLACcitation   = "%%CITATION = HEP-PH/0111255;%%"
}


@article{Maierhoefer:2017hyi,
      author         = "Maierhoefer, Philipp and Usovitsch, Johann and Uwer,
                        Peter",
      title          = "{Kira - A Feynman Integral Reduction Program}",
      year           = "2017",
      doi            = "10.1016/j.cpc.2018.04.012",
      eprint         = "1705.05610",
      archivePrefix  = "arXiv",
      primaryClass   = "hep-ph",
      SLACcitation   = "%%CITATION = ARXIV:1705.05610;%%"
}

@article{DelDuca:2017peo,
      author         = "Del Duca, Vittorio and Duhr, Claude and Marzucca, Robin
                        and Verbeek, Bram",
      title          = "{The analytic structure and the transcendental weight of
                        the BFKL ladder at NLL accuracy}",
      journal        = "JHEP",
      volume         = "10",
      year           = "2017",
      pages          = "001",
      doi            = "10.1007/JHEP10(2017)001",
      eprint         = "1705.10163",
      archivePrefix  = "arXiv",
      primaryClass   = "hep-th",
      reportNumber   = "CP3-17-14, CERN-TH-2017-113",
      SLACcitation   = "%%CITATION = ARXIV:1705.10163;%%"
}



@inproceedings{Brooijmans:2016vro,
      author         = "Brooijmans, G. and others",
      title          = "{Les Houches 2015: Physics at TeV colliders - new physics
                        working group report}",
      booktitle      = "{9th Les Houches Workshop on Physics at TeV Colliders
                        (PhysTeV 2015) Les Houches, France, June 1-19, 2015}",
      url            = "http://inspirehep.net/record/1456803/files/arXiv:1605.02684.pdf",
      year           = "2016",
      eprint         = "1605.02684",
      archivePrefix  = "arXiv",
      primaryClass   = "hep-ph",
      SLACcitation   = "%%CITATION = ARXIV:1605.02684;%%"
}

@article{Anastasiou:2016hlm,
      author         = "Anastasiou, Charalampos and Duhr, Claude and Dulat, Falko
                        and Furlan, Elisabetta and Gehrmann, Thomas and Herzog,
                        Franz and Lazopoulos, Achilleas and Mistlberger, Bernhard",
      title          = "{CP-even scalar boson production via gluon fusion at the
                        LHC}",
      journal        = "JHEP",
      volume         = "09",
      year           = "2016",
      pages          = "037",
      doi            = "10.1007/JHEP09(2016)037",
      eprint         = "1605.05761",
      archivePrefix  = "arXiv",
      primaryClass   = "hep-ph",
      reportNumber   = "CP3-16-12, ZU-TH-11/16, NIKHEF 2016-013,
                        CERN-TH-2016-085, NSF-KITP-16-039",
      SLACcitation   = "%%CITATION = ARXIV:1605.05761;%%"
}


@article{Harlander:2016hcx,
      author         = "Harlander, Robert V. and Liebler, Stefan and Mantler,
                        Hendrik",
      title          = "{SusHi Bento: Beyond NNLO and the heavy-top limit}",
      journal        = "Comput. Phys. Commun.",
      volume         = "212",
      year           = "2017",
      pages          = "239-257",
      doi            = "10.1016/j.cpc.2016.10.015",
      eprint         = "1605.03190",
      archivePrefix  = "arXiv",
      primaryClass   = "hep-ph",
      reportNumber   = "DESY-16-061, KA-TP-14-2016, TTK-16-14",
      SLACcitation   = "%%CITATION = ARXIV:1605.03190;%%"
}


@article{Ellis:1975ap,
      author         = "Ellis, John R. and Gaillard, Mary K. and Nanopoulos,
                        Dimitri V.",
      title          = "{A Phenomenological Profile of the Higgs Boson}",
      journal        = "Nucl. Phys.",
      volume         = "B106",
      year           = "1976",
      pages          = "292",
      doi            = "10.1016/0550-3213(76)90382-5",
      reportNumber   = "CERN-TH-2093",
      SLACcitation   = "%%CITATION = NUPHA,B106,292;%%"
}


@article{Djouadi:1991tka,
      author         = "Djouadi, A. and Spira, M. and Zerwas, P. M.",
      title          = "{Production of Higgs bosons in proton colliders: QCD
                        corrections}",
      journal        = "Phys. Lett.",
      volume         = "B264",
      year           = "1991",
      pages          = "440-446",
      doi            = "10.1016/0370-2693(91)90375-Z",
      reportNumber   = "PITHA-91-6",
      SLACcitation   = "%%CITATION = PHLTA,B264,440;%%"
}

@article{Kniehl:1995tn,
      author         = "Kniehl, Bernd A. and Spira, Michael",
      title          = "{Low-energy theorems in Higgs physics}",
      journal        = "Z. Phys.",
      volume         = "C69",
      year           = "1995",
      pages          = "77-88",
      doi            = "10.1007/s002880050007",
      eprint         = "hep-ph/9505225",
      archivePrefix  = "arXiv",
      primaryClass   = "hep-ph",
      reportNumber   = "DESY-95-041, FERMILAB-PUB-95-081-T, MPI-PHT-95-21",
      SLACcitation   = "%%CITATION = HEP-PH/9505225;%%"
}



@phdthesis{Koukoutsakis:2003nba,
      author         = "Koukoutsakis, A.",
      title          = "{Higgs bosons and QCD jets at two loops}",
      school         = "Durham U.",
      year           = "2003",
      SLACcitation   = "%%CITATION = INSPIRE-899795;%%"
}


@article{ToAppear,
      author         = "Jin, Qingjun and Yang, Gang",
      title           = "{Two-loop QCD Amplitudes for Higgs to Three Partons in Effective Field Theory}",
      journal        = "To appear",
      year           = "2018"      
}


@article{supplemental,
      author         = "Jin, Qingjun and Yang, Gang",
      title            = "{Supplemental Material for explicit IBP coefficients of the form factor of ${\cal O}_1$ and its ${\cal N}=4$ counterpart}",
      journal        = "Supplemental Material"
}



@article{Banerjee:2016kri,
      author         = "Banerjee, Pulak and Dhani, Prasanna K. and Mahakhud,
                        Maguni and Ravindran, V. and Seth, Satyajit",
      title          = "{Finite remainders of the Konishi at two loops in $
                        \mathcal{N}=4 $ SYM}",
      journal        = "JHEP",
      volume         = "05",
      year           = "2017",
      pages          = "085",
      doi            = "10.1007/JHEP05(2017)085",
      eprint         = "1612.00885",
      archivePrefix  = "arXiv",
      primaryClass   = "hep-th",
      SLACcitation   = "%%CITATION = ARXIV:1612.00885;%%"
}

@article{Bardeen:1978yd,
      author         = "Bardeen, William A. and Buras, A. J. and Duke, D. W. and
                        Muta, T.",
      title          = "{Deep Inelastic Scattering Beyond the Leading Order in
                        Asymptotically Free Gauge Theories}",
      journal        = "Phys. Rev.",
      volume         = "D18",
      year           = "1978",
      pages          = "3998",
      doi            = "10.1103/PhysRevD.18.3998",
      reportNumber   = "FERMILAB-PUB-78-042-THY, FERMILAB-PUB-78-042-T",
      SLACcitation   = "%%CITATION = PHRVA,D18,3998;%%"
}


@article{Dixon:2017nat,
      author         = "Dixon, Lance J.",
      title          = "{The Principle of Maximal Transcendentality and the
                        Four-Loop Collinear Anomalous Dimension}",
      journal        = "JHEP",
      volume         = "01",
      year           = "2018",
      pages          = "075",
      doi            = "10.1007/JHEP01(2018)075",
      eprint         = "1712.07274",
      archivePrefix  = "arXiv",
      primaryClass   = "hep-th",
      reportNumber   = "SLAC--PUB--17191",
      SLACcitation   = "%%CITATION = ARXIV:1712.07274;%%"
}

@article{Dixon:2016nkn,
      author         = "Dixon, Lance J. and Drummond, James and Harrington,
                        Thomas and McLeod, Andrew J. and Papathanasiou, Georgios
                        and Spradlin, Marcus",
      title          = "{Heptagons from the Steinmann Cluster Bootstrap}",
      journal        = "JHEP",
      volume         = "02",
      year           = "2017",
      pages          = "137",
      doi            = "10.1007/JHEP02(2017)137",
      eprint         = "1612.08976",
      archivePrefix  = "arXiv",
      primaryClass   = "hep-th",
      reportNumber   = "DESY-16-242, Brown-HET-1705, SLAC-PUB-16894",
      SLACcitation   = "%%CITATION = ARXIV:1612.08976;%%"
}


@article{Almelid:2017qju,
      author         = "Almelid, Øyvind and Duhr, Claude and Gardi, Einan and
                        McLeod, Andrew and White, Chris D.",
      title          = "{Bootstrapping the QCD soft anomalous dimension}",
      journal        = "JHEP",
      volume         = "09",
      year           = "2017",
      pages          = "073",
      doi            = "10.1007/JHEP09(2017)073",
      eprint         = "1706.10162",
      archivePrefix  = "arXiv",
      primaryClass   = "hep-ph",
      reportNumber   = "EDINBURGH-2017-13, CERN-TH-2017-138, CP3-17-20,
                        SLAC-PUB-17089, QMUL-PH-17-10, --QMUL-PH-17-10",
      SLACcitation   = "%%CITATION = ARXIV:1706.10162;%%"
}

@article{Caron-Huot:2016owq,
      author         = "Caron-Huot, Simon and Dixon, Lance J. and McLeod, Andrew
                        and von Hippel, Matt",
      title          = "{Bootstrapping a Five-Loop Amplitude Using Steinmann
                        Relations}",
      journal        = "Phys. Rev. Lett.",
      volume         = "117",
      year           = "2016",
      number         = "24",
      pages          = "241601",
      doi            = "10.1103/PhysRevLett.117.241601",
      eprint         = "1609.00669",
      archivePrefix  = "arXiv",
      primaryClass   = "hep-th",
      reportNumber   = "SLAC-PUB-16811",
      SLACcitation   = "%%CITATION = ARXIV:1609.00669;%%"
}


@article{Bern:2000dn,
      author         = "Bern, Z. and Dixon, Lance J. and Kosower, D. A.",
      title          = "{A Two loop four gluon helicity amplitude in QCD}",
      journal        = "JHEP",
      volume         = "01",
      year           = "2000",
      pages          = "027",
      doi            = "10.1088/1126-6708/2000/01/027",
      eprint         = "hep-ph/0001001",
      archivePrefix  = "arXiv",
      primaryClass   = "hep-ph",
      reportNumber   = "SLAC-PUB-8324, UCLA-99-TEP-48, SACLAY-SPH-T-99-147",
      SLACcitation   = "%%CITATION = HEP-PH/0001001;%%"
}

@article{Kosower:2011ty,
      author         = "Kosower, David A. and Larsen, Kasper J.",
      title          = "{Maximal Unitarity at Two Loops}",
      journal        = "Phys. Rev.",
      volume         = "D85",
      year           = "2012",
      pages          = "045017",
      doi            = "10.1103/PhysRevD.85.045017",
      eprint         = "1108.1180",
      archivePrefix  = "arXiv",
      primaryClass   = "hep-th",
      reportNumber   = "UUITP-21-11, IPHT-T11-208",
      SLACcitation   = "%%CITATION = ARXIV:1108.1180;%%"
}


@article{Larsen:2015ped,
      author         = "Larsen, Kasper J. and Zhang, Yang",
      title          = "{Integration-by-parts reductions from unitarity cuts and
                        algebraic geometry}",
      journal        = "Phys. Rev.",
      volume         = "D93",
      year           = "2016",
      number         = "4",
      pages          = "041701",
      doi            = "10.1103/PhysRevD.93.041701",
      eprint         = "1511.01071",
      archivePrefix  = "arXiv",
      primaryClass   = "hep-th",
      SLACcitation   = "%%CITATION = ARXIV:1511.01071;%%"
}

@article{Ita:2015tya,
      author         = "Ita, Harald",
      title          = "{Two-loop Integrand Decomposition into Master Integrals
                        and Surface Terms}",
      journal        = "Phys. Rev.",
      volume         = "D94",
      year           = "2016",
      number         = "11",
      pages          = "116015",
      doi            = "10.1103/PhysRevD.94.116015",
      eprint         = "1510.05626",
      archivePrefix  = "arXiv",
      primaryClass   = "hep-th",
      reportNumber   = "FR-PHENO-2015-011",
      SLACcitation   = "%%CITATION = ARXIV:1510.05626;%%"
}

@article{Georgoudis:2016wff,
      author         = "Georgoudis, Alessandro and Larsen, Kasper J. and Zhang,
                        Yang",
      title          = "{Azurite: An algebraic geometry based package for finding
                        bases of loop integrals}",
      journal        = "Comput. Phys. Commun.",
      volume         = "221",
      year           = "2017",
      pages          = "203-215",
      doi            = "10.1016/j.cpc.2017.08.013",
      eprint         = "1612.04252",
      archivePrefix  = "arXiv",
      primaryClass   = "hep-th",
      SLACcitation   = "%%CITATION = ARXIV:1612.04252;%%"
}


@article{Badger:2013gxa,
      author         = "Badger, Simon and Frellesvig, Hjalte and Zhang, Yang",
      title          = "{A Two-Loop Five-Gluon Helicity Amplitude in QCD}",
      journal        = "JHEP",
      volume         = "12",
      year           = "2013",
      pages          = "045",
      doi            = "10.1007/JHEP12(2013)045",
      eprint         = "1310.1051",
      archivePrefix  = "arXiv",
      primaryClass   = "hep-ph",
      SLACcitation   = "%%CITATION = ARXIV:1310.1051;%%"
}

@article{Badger:2015lda,
      author         = "Badger, Simon and Mogull, Gustav and Ochirov, Alexander
                        and O'Connell, Donal",
      title          = "{A Complete Two-Loop, Five-Gluon Helicity Amplitude in
                        Yang-Mills Theory}",
      journal        = "JHEP",
      volume         = "10",
      year           = "2015",
      pages          = "064",
      doi            = "10.1007/JHEP10(2015)064",
      eprint         = "1507.08797",
      archivePrefix  = "arXiv",
      primaryClass   = "hep-ph",
      reportNumber   = "EDINBURGH-2015-16",
      SLACcitation   = "%%CITATION = ARXIV:1507.08797;%%"
}


@article{Badger:2017jhb,
      author         = "Badger, Simon and Brønnum-Hansen, Christian and
                        Hartanto, Heribertus Bayu and Peraro, Tiziano",
      title          = "{First look at two-loop five-gluon scattering in QCD}",
      journal        = "Phys. Rev. Lett.",
      volume         = "120",
      year           = "2018",
      number         = "9",
      pages          = "092001",
      doi            = "10.1103/PhysRevLett.120.092001",
      eprint         = "1712.02229",
      archivePrefix  = "arXiv",
      primaryClass   = "hep-ph",
      reportNumber   = "IPPP-17-95, EDINBURGH-2017-27, MITP-17-094",
      SLACcitation   = "%%CITATION = ARXIV:1712.02229;%%"
}


@article{Gehrmann:2015bfy,
      author         = "Gehrmann, T. and Henn, J. M. and Lo Presti, N. A.",
      title          = "{Analytic form of the two-loop planar five-gluon
                        all-plus-helicity amplitude in QCD}",
      journal        = "Phys. Rev. Lett.",
      volume         = "116",
      year           = "2016",
      number         = "6",
      pages          = "062001",
      doi            = "10.1103/PhysRevLett.116.189903,
                        10.1103/PhysRevLett.116.062001",
      note           = "[Erratum: Phys. Rev. Lett.116,no.18,189903(2016)]",
      eprint         = "1511.05409",
      archivePrefix  = "arXiv",
      primaryClass   = "hep-ph",
      reportNumber   = "MITP-15-101, ZU-TH-36-15",
      SLACcitation   = "%%CITATION = ARXIV:1511.05409;%%"
}

@article{Dunbar:2016aux,
      author         = "Dunbar, David C. and Perkins, Warren B.",
      title          = "{Two-loop five-point all plus helicity Yang-Mills
                        amplitude}",
      journal        = "Phys. Rev.",
      volume         = "D93",
      year           = "2016",
      number         = "8",
      pages          = "085029",
      doi            = "10.1103/PhysRevD.93.085029",
      eprint         = "1603.07514",
      archivePrefix  = "arXiv",
      primaryClass   = "hep-th",
      SLACcitation   = "%%CITATION = ARXIV:1603.07514;%%"
}

@article{Dunbar:2016cxp,
      author         = "Dunbar, David C. and Jehu, Guy R. and Perkins, Warren B.",
      title          = "{The two-loop n-point all-plus helicity amplitude}",
      journal        = "Phys. Rev.",
      volume         = "D93",
      year           = "2016",
      number         = "12",
      pages          = "125006",
      doi            = "10.1103/PhysRevD.93.125006",
      eprint         = "1604.06631",
      archivePrefix  = "arXiv",
      primaryClass   = "hep-th",
      SLACcitation   = "%%CITATION = ARXIV:1604.06631;%%"
}

@article{Dunbar:2016gjb,
      author         = "Dunbar, David C. and Jehu, Guy R. and Perkins, Warren B.",
      title          = "{Two-loop six gluon all plus helicity amplitude}",
      journal        = "Phys. Rev. Lett.",
      volume         = "117",
      year           = "2016",
      number         = "6",
      pages          = "061602",
      doi            = "10.1103/PhysRevLett.117.061602",
      eprint         = "1605.06351",
      archivePrefix  = "arXiv",
      primaryClass   = "hep-th",
      SLACcitation   = "%%CITATION = ARXIV:1605.06351;%%"
}

@article{Dunbar:2017nfy,
      author         = "Dunbar, David C. and Godwin, John H. and Jehu, Guy R. and
                        Perkins, Warren B.",
      title          = "{Analytic all-plus-helicity gluon amplitudes in QCD}",
      journal        = "Phys. Rev.",
      volume         = "D96",
      year           = "2017",
      number         = "11",
      pages          = "116013",
      doi            = "10.1103/PhysRevD.96.116013",
      eprint         = "1710.10071",
      archivePrefix  = "arXiv",
      primaryClass   = "hep-th",
      SLACcitation   = "%%CITATION = ARXIV:1710.10071;%%"
}



@article{Glover:2001af,
      author         = "Glover, E. W. Nigel and Oleari, C. and Tejeda-Yeomans, M.
                        E.",
      title          = "{Two loop QCD corrections to gluon-gluon scattering}",
      journal        = "Nucl. Phys.",
      volume         = "B605",
      year           = "2001",
      pages          = "467-485",
      doi            = "10.1016/S0550-3213(01)00210-3",
      eprint         = "hep-ph/0102201",
      archivePrefix  = "arXiv",
      primaryClass   = "hep-ph",
      reportNumber   = "DCPT-01-14, IPPP-01-07, MADPH-01-1217",
      SLACcitation   = "%%CITATION = HEP-PH/0102201;%%"
}

@article{Bern:2002tk,
      author         = "Bern, Zvi and De Freitas, Abilio and Dixon, Lance J.",
      title          = "{Two loop helicity amplitudes for gluon-gluon scattering
                        in QCD and supersymmetric Yang-Mills theory}",
      journal        = "JHEP",
      volume         = "03",
      year           = "2002",
      pages          = "018",
      doi            = "10.1088/1126-6708/2002/03/018",
      eprint         = "hep-ph/0201161",
      archivePrefix  = "arXiv",
      primaryClass   = "hep-ph",
      reportNumber   = "SLAC-PUB-9103, UCLA-02-TEP-1",
      SLACcitation   = "%%CITATION = HEP-PH/0201161;%%"
}


@article{Georgi:1977gs,
      author         = "Georgi, H. M. and Glashow, S. L. and Machacek, M. E. and
                        Nanopoulos, Dimitri V.",
      title          = "{Higgs Bosons from Two Gluon Annihilation in Proton
                        Proton Collisions}",
      journal        = "Phys. Rev. Lett.",
      volume         = "40",
      year           = "1978",
      pages          = "692",
      doi            = "10.1103/PhysRevLett.40.692",
      reportNumber   = "HUTP-77/A084",
      SLACcitation   = "%%CITATION = PRLTA,40,692;%%"
}

@article{Bonciani:2016qxi,
      author         = "Bonciani, Roberto and Del Duca, Vittorio and Frellesvig,
                        Hjalte and Henn, Johannes M. and Moriello, Francesco and
                        Smirnov, Vladimir A.",
      title          = "{Two-loop planar master integrals for Higgs$\to 3$
                        partons with full heavy-quark mass dependence}",
      journal        = "JHEP",
      volume         = "12",
      year           = "2016",
      pages          = "096",
      doi            = "10.1007/JHEP12(2016)096",
      eprint         = "1609.06685",
      archivePrefix  = "arXiv",
      primaryClass   = "hep-ph",
      SLACcitation   = "%%CITATION = ARXIV:1609.06685;%%"
}

@article{Smirnov:2014hma,
      author         = "Smirnov, Alexander V.",
      title          = "{FIRE5: a C++ implementation of Feynman Integral
                        REduction}",
      journal        = "Comput. Phys. Commun.",
      volume         = "189",
      year           = "2015",
      pages          = "182-191",
      doi            = "10.1016/j.cpc.2014.11.024",
      eprint         = "1408.2372",
      archivePrefix  = "arXiv",
      primaryClass   = "hep-ph",
      reportNumber   = "SFB-CPP-14-60",
      SLACcitation   = "%%CITATION = ARXIV:1408.2372;%%"
}

@article{Lee:2013mka,
      author         = "Lee, Roman N.",
      title          = "{LiteRed 1.4: a powerful tool for reduction of multiloop
                        integrals}",
      booktitle      = "{Proceedings,  15th International Workshop on Advanced
                        Computing and Analysis Techniques in Physics Research
                        (ACAT 2013): Beijing, China, May 16-21, 2013}",
      journal        = "J. Phys. Conf. Ser.",
      volume         = "523",
      year           = "2014",
      pages          = "012059",
      doi            = "10.1088/1742-6596/523/1/012059",
      eprint         = "1310.1145",
      archivePrefix  = "arXiv",
      primaryClass   = "hep-ph",
      SLACcitation   = "%%CITATION = ARXIV:1310.1145;%%"
}

@article{vonManteuffel:2012np,
      author         = "von Manteuffel, A. and Studerus, C.",
      title          = "{Reduze 2 - Distributed Feynman Integral Reduction}",
      year           = "2012",
      eprint         = "1201.4330",
      archivePrefix  = "arXiv",
      primaryClass   = "hep-ph",
      reportNumber   = "ZU-TH-01-12, MZ-TH-12-03, BI-TP-2012-02",
      SLACcitation   = "%%CITATION = ARXIV:1201.4330;%%"
}


@article{Gehrmann:2000zt,
      author         = "Gehrmann, T. and Remiddi, E.",
      title          = "{Two loop master integrals for gamma* $\rightarrow$ 3 jets: The
                        Planar topologies}",
      journal        = "Nucl. Phys.",
      volume         = "B601",
      year           = "2001",
      pages          = "248-286",
      doi            = "10.1016/S0550-3213(01)00057-8",
      eprint         = "hep-ph/0008287",
      archivePrefix  = "arXiv",
      primaryClass   = "hep-ph",
      reportNumber   = "KA-TTP-00-20",
      SLACcitation   = "%%CITATION = HEP-PH/0008287;%%"
}
@article{Gehrmann:2001ck,
      author         = "Gehrmann, T. and Remiddi, E.",
      title          = "{Two loop master integrals for gamma* $\rightarrow$ 3 jets: The
                        Nonplanar topologies}",
      journal        = "Nucl. Phys.",
      volume         = "B601",
      year           = "2001",
      pages          = "287-317",
      doi            = "10.1016/S0550-3213(01)00074-8",
      eprint         = "hep-ph/0101124",
      archivePrefix  = "arXiv",
      primaryClass   = "hep-ph",
      reportNumber   = "CERN-TH-2001-005",
      SLACcitation   = "%%CITATION = HEP-PH/0101124;%%"
}


@article{Goncharov:2010jf,
      author         = "Goncharov, Alexander B. and Spradlin, Marcus and Vergu,
                        C. and Volovich, Anastasia",
      title          = "{Classical Polylogarithms for Amplitudes and Wilson
                        Loops}",
      journal        = "Phys. Rev. Lett.",
      volume         = "105",
      year           = "2010",
      pages          = "151605",
      doi            = "10.1103/PhysRevLett.105.151605",
      eprint         = "1006.5703",
      archivePrefix  = "arXiv",
      primaryClass   = "hep-th",
      reportNumber   = "BROWN-HET-1602",
      SLACcitation   = "%%CITATION = ARXIV:1006.5703;%%"
}


@article{Britto:2005fq,
      author         = "Britto, Ruth and Cachazo, Freddy and Feng, Bo and Witten,
                        Edward",
      title          = "{Direct proof of tree-level recursion relation in
                        Yang-Mills theory}",
      journal        = "Phys. Rev. Lett.",
      volume         = "94",
      year           = "2005",
      pages          = "181602",
      doi            = "10.1103/PhysRevLett.94.181602",
      eprint         = "hep-th/0501052",
      archivePrefix  = "arXiv",
      primaryClass   = "hep-th",
      SLACcitation   = "%%CITATION = HEP-TH/0501052;%%"
}

@article{Britto:2004ap,
      author         = "Britto, Ruth and Cachazo, Freddy and Feng, Bo",
      title          = "{New recursion relations for tree amplitudes of gluons}",
      journal        = "Nucl. Phys.",
      volume         = "B715",
      year           = "2005",
      pages          = "499-522",
      doi            = "10.1016/j.nuclphysb.2005.02.030",
      eprint         = "hep-th/0412308",
      archivePrefix  = "arXiv",
      primaryClass   = "hep-th",
      SLACcitation   = "%%CITATION = HEP-TH/0412308;%%"
}

@article{Berends:1987me,
      author         = "Berends, Frits A. and Giele, W. T.",
      title          = "{Recursive Calculations for Processes with n Gluons}",
      journal        = "Nucl. Phys.",
      volume         = "B306",
      year           = "1988",
      pages          = "759-808",
      doi            = "10.1016/0550-3213(88)90442-7",
      reportNumber   = "Print-88-0100 (LEIDEN)",
      SLACcitation   = "%%CITATION = NUPHA,B306,759;%%"
}


@article{Abreu:2017xsl,
      author         = "Abreu, S. and Febres Cordero, F. and Ita, H. and Jaquier,
                        M. and Page, B. and Zeng, M.",
      title          = "{Two-Loop Four-Gluon Amplitudes from Numerical
                        Unitarity}",
      journal        = "Phys. Rev. Lett.",
      volume         = "119",
      year           = "2017",
      number         = "14",
      pages          = "142001",
      doi            = "10.1103/PhysRevLett.119.142001",
      eprint         = "1703.05273",
      archivePrefix  = "arXiv",
      primaryClass   = "hep-ph",
      reportNumber   = "FR-PHENO-2017-007, UCLA-17-TEP-103",
      SLACcitation   = "%%CITATION = ARXIV:1703.05273;%%"
}

@article{Abreu:2017hqn,
      author         = "Abreu, Samuel and Febres Cordero, Fernando and Ita,
                        Harald and Page, Ben and Zeng, Mao",
      title          = "{Planar Two-Loop Five-Gluon Amplitudes from Numerical
                        Unitarity}",
      year           = "2017",
      eprint         = "1712.03946",
      archivePrefix  = "arXiv",
      primaryClass   = "hep-ph",
      reportNumber   = "FR-PHENO-2017-025, UCLA-17-TEP-108",
      SLACcitation   = "%%CITATION = ARXIV:1712.03946;%%"
}


@article{Banfi:2013yoa,
      author         = "Banfi, Andrea and Martin, Adam and Sanz, Veronica",
      title          = "{Probing top-partners in Higgs+jets}",
      journal        = "JHEP",
      volume         = "08",
      year           = "2014",
      pages          = "053",
      doi            = "10.1007/JHEP08(2014)053",
      eprint         = "1308.4771",
      archivePrefix  = "arXiv",
      primaryClass   = "hep-ph",
      reportNumber   = "CERN-PH-TH-2013-199",
      SLACcitation   = "%%CITATION = ARXIV:1308.4771;%%"
}

@article{Azatov:2013xha,
      author         = "Azatov, Aleksandr and Paul, Ayan",
      title          = "{Probing Higgs couplings with high $p_T$ Higgs
                        production}",
      journal        = "JHEP",
      volume         = "01",
      year           = "2014",
      pages          = "014",
      doi            = "10.1007/JHEP01(2014)014",
      eprint         = "1309.5273",
      archivePrefix  = "arXiv",
      primaryClass   = "hep-ph",
      SLACcitation   = "%%CITATION = ARXIV:1309.5273;%%"
}

@article{Grojean:2013nya,
      author         = "Grojean, Christophe and Salvioni, Ennio and Schlaffer,
                        Matthias and Weiler, Andreas",
      title          = "{Very boosted Higgs in gluon fusion}",
      journal        = "JHEP",
      volume         = "05",
      year           = "2014",
      pages          = "022",
      doi            = "10.1007/JHEP05(2014)022",
      eprint         = "1312.3317",
      archivePrefix  = "arXiv",
      primaryClass   = "hep-ph",
      reportNumber   = "CERN-PH-TH-2013-292, DESY-13-233",
      SLACcitation   = "%%CITATION = ARXIV:1312.3317;%%"
}

@article{Schlaffer:2014osa,
      author         = "Schlaffer, Matthias and Spannowsky, Michael and Takeuchi,
                        Michihisa and Weiler, Andreas and Wymant, Chris",
      title          = "{Boosted Higgs Shapes}",
      journal        = "Eur. Phys. J.",
      volume         = "C74",
      year           = "2014",
      number         = "10",
      pages          = "3120",
      doi            = "10.1140/epjc/s10052-014-3120-z",
      eprint         = "1405.4295",
      archivePrefix  = "arXiv",
      primaryClass   = "hep-ph",
      reportNumber   = "IPPP-14-35, DCPT-14-70, CERN-PH-TH-2014-083, DESY-14-069,
                        KCL-PH-TH-2014-22, --KCL-PH-TH-2014-22",
      SLACcitation   = "%%CITATION = ARXIV:1405.4295;%%"
}

@article{Buschmann:2014twa,
      author         = "Buschmann, Malte and Englert, Christoph and Goncalves,
                        Dorival and Plehn, Tilman and Spannowsky, Michael",
      title          = "{Resolving the Higgs-Gluon Coupling with Jets}",
      journal        = "Phys. Rev.",
      volume         = "D90",
      year           = "2014",
      number         = "1",
      pages          = "013010",
      doi            = "10.1103/PhysRevD.90.013010",
      eprint         = "1405.7651",
      archivePrefix  = "arXiv",
      primaryClass   = "hep-ph",
      reportNumber   = "IPPP-14-50, DCPT-14-100",
      SLACcitation   = "%%CITATION = ARXIV:1405.7651;%%"
}


@article{Lindert:2018iug,
      author         = "Lindert, Jonas M. and Kudashkin, Kirill and Melnikov,
                        Kirill and Wever, Christopher",
      title          = "{Higgs bosons with large transverse momentum at the LHC}",
      year           = "2018",
      eprint         = "1801.08226",
      archivePrefix  = "arXiv",
      primaryClass   = "hep-ph",
      reportNumber   = "IPPP/18/5, TTP18-03, IPPP-18-5",
      SLACcitation   = "%%CITATION = ARXIV:1801.08226;%%"
}


@article{Jones:2018hbb,
      author         = "Jones, S. P. and Kerner, M. and Luisoni, G.",
      title          = "{NLO QCD corrections to Higgs boson plus jet production
                        with full top-quark mass dependence}",
      year           = "2018",
      eprint         = "1802.00349",
      archivePrefix  = "arXiv",
      primaryClass   = "hep-ph",
      reportNumber   = "MPP-2018-7",
      SLACcitation   = "%%CITATION = ARXIV:1802.00349;%%"
}

@article{Neumann:2018bsx,
      author         = "Neumann, Tobias",
      title          = "{NLO Higgs+jet at large transverse momenta including top
                        quark mass effects}",
      year           = "2018",
      eprint         = "1802.02981",
      archivePrefix  = "arXiv",
      primaryClass   = "hep-ph",
      reportNumber   = "IIT-CAPP-18-01, FERMILAB-PUB-18-034-T",
      SLACcitation   = "%%CITATION = ARXIV:1802.02981;%%"
}


@article{Boughezal:2013uia,
      author         = "Boughezal, Radja and Caola, Fabrizio and Melnikov, Kirill
                        and Petriello, Frank and Schulze, Markus",
      title          = "{Higgs boson production in association with a jet at
                        next-to-next-to-leading order in perturbative QCD}",
      journal        = "JHEP",
      volume         = "06",
      year           = "2013",
      pages          = "072",
      doi            = "10.1007/JHEP06(2013)072",
      eprint         = "1302.6216",
      archivePrefix  = "arXiv",
      primaryClass   = "hep-ph",
      reportNumber   = "ANL-HEP-PR-13-13",
      SLACcitation   = "%%CITATION = ARXIV:1302.6216;%%"
}


@article{Chen:2014gva,
      author         = "Chen, X. and Gehrmann, T. and Glover, E. W. N. and
                        Jaquier, M.",
      title          = "{Precise QCD predictions for the production of Higgs +
                        jet final states}",
      journal        = "Phys. Lett.",
      volume         = "B740",
      year           = "2015",
      pages          = "147-150",
      doi            = "10.1016/j.physletb.2014.11.021",
      eprint         = "1408.5325",
      archivePrefix  = "arXiv",
      primaryClass   = "hep-ph",
      reportNumber   = "IPPP-14-64, ZU-TH-27-14",
      SLACcitation   = "%%CITATION = ARXIV:1408.5325;%%"
}

@article{Boughezal:2015aha,
      author         = "Boughezal, Radja and Focke, Christfried and Giele, Walter
                        and Liu, Xiaohui and Petriello, Frank",
      title          = "{Higgs boson production in association with a jet at NNLO
                        using jettiness subtraction}",
      journal        = "Phys. Lett.",
      volume         = "B748",
      year           = "2015",
      pages          = "5-8",
      doi            = "10.1016/j.physletb.2015.06.055",
      eprint         = "1505.03893",
      archivePrefix  = "arXiv",
      primaryClass   = "hep-ph",
      reportNumber   = "FERMILAB-PUB-15-210-T",
      SLACcitation   = "%%CITATION = ARXIV:1505.03893;%%"
}

@article{Boughezal:2015dra,
      author         = "Boughezal, Radja and Caola, Fabrizio and Melnikov, Kirill
                        and Petriello, Frank and Schulze, Markus",
      title          = "{Higgs boson production in association with a jet at
                        next-to-next-to-leading order}",
      journal        = "Phys. Rev. Lett.",
      volume         = "115",
      year           = "2015",
      number         = "8",
      pages          = "082003",
      doi            = "10.1103/PhysRevLett.115.082003",
      eprint         = "1504.07922",
      archivePrefix  = "arXiv",
      primaryClass   = "hep-ph",
      reportNumber   = "CERN-PH-TH-2015-056, TTP15-017",
      SLACcitation   = "%%CITATION = ARXIV:1504.07922;%%"
}

@article{Chen:2016zka,
      author         = "Chen, X. and Cruz-Martinez, J. and Gehrmann, T. and
                        Glover, E. W. N. and Jaquier, M.",
      title          = "{NNLO QCD corrections to Higgs boson production at large
                        transverse momentum}",
      journal        = "JHEP",
      volume         = "10",
      year           = "2016",
      pages          = "066",
      doi            = "10.1007/JHEP10(2016)066",
      eprint         = "1607.08817",
      archivePrefix  = "arXiv",
      primaryClass   = "hep-ph",
      reportNumber   = "IPPP-16-73, ZU-TH-29-16, FR-PHENO-2016-014",
      SLACcitation   = "%%CITATION = ARXIV:1607.08817;%%"
}



@article{Li:2016ctv,
      author         = "Li, Ye and Zhu, Hua Xing",
      title          = "{Bootstrapping Rapidity Anomalous Dimensions for
                        Transverse-Momentum Resummation}",
      journal        = "Phys. Rev. Lett.",
      volume         = "118",
      year           = "2017",
      number         = "2",
      pages          = "022004",
      doi            = "10.1103/PhysRevLett.118.022004",
      eprint         = "1604.01404",
      archivePrefix  = "arXiv",
      primaryClass   = "hep-ph",
      reportNumber   = "MIT-CTP-4796, FERMILAB-PUB-16-067-PPD-T",
      SLACcitation   = "%%CITATION = ARXIV:1604.01404;%%"
}
@article{Li:2014afw,
      author         = "Li, Ye and von Manteuffel, Andreas and Schabinger, Robert
                        M. and Zhu, Hua Xing",
      title          = "{Soft-virtual corrections to Higgs production at
                        N$^3$LO}",
      journal        = "Phys. Rev.",
      volume         = "D91",
      year           = "2015",
      pages          = "036008",
      doi            = "10.1103/PhysRevD.91.036008",
      eprint         = "1412.2771",
      archivePrefix  = "arXiv",
      primaryClass   = "hep-ph",
      reportNumber   = "SLAC-PUB-16169, MITP-14-095",
      SLACcitation   = "%%CITATION = ARXIV:1412.2771;%%"
}

@article{Anastasiou:2016cez,
      author         = "Anastasiou, Charalampos and Duhr, Claude and Dulat, Falko
                        and Furlan, Elisabetta and Gehrmann, Thomas and Herzog,
                        Franz and Lazopoulos, Achilleas and Mistlberger, Bernhard",
      title          = "{High precision determination of the gluon fusion Higgs
                        boson cross-section at the LHC}",
      journal        = "JHEP",
      volume         = "05",
      year           = "2016",
      pages          = "058",
      doi            = "10.1007/JHEP05(2016)058",
      eprint         = "1602.00695",
      archivePrefix  = "arXiv",
      primaryClass   = "hep-ph",
      reportNumber   = "CP3-16-01, ZU-TH-27-15, NIKHEF-2016-004,
                        CERN-TH-2016-006",
      SLACcitation   = "%%CITATION = ARXIV:1602.00695;%%"
}


@article{Brandhuber:2014ica,
      author         = "Brandhuber, Andreas and Penante, Brenda and Travaglini,
                        Gabriele and Wen, Congkao",
      title          = "{The last of the simple remainders}",
      journal        = "JHEP",
      volume         = "08",
      year           = "2014",
      pages          = "100",
      doi            = "10.1007/JHEP08(2014)100",
      eprint         = "1406.1443",
      archivePrefix  = "arXiv",
      primaryClass   = "hep-th",
      reportNumber   = "QMUL-PH-14-09",
      SLACcitation   = "%%CITATION = ARXIV:1406.1443;%%"
}

@article{Loebbert:2015ova,
      author         = "Loebbert, Florian and Nandan, Dhritiman and Sieg,
                        Christoph and Wilhelm, Matthias and Yang, Gang",
      title          = "{On-Shell Methods for the Two-Loop Dilatation Operator
                        and Finite Remainders}",
      journal        = "JHEP",
      volume         = "10",
      year           = "2015",
      pages          = "012",
      doi            = "10.1007/JHEP10(2015)012",
      eprint         = "1504.06323",
      archivePrefix  = "arXiv",
      primaryClass   = "hep-th",
      reportNumber   = "HU-MATH-2015-04, HU-EP-15-19",
      SLACcitation   = "%%CITATION = ARXIV:1504.06323;%%"
}

@article{Brandhuber:2016fni,
      author         = "Brandhuber, Andreas and Kostacinska, Martyna and Penante,
                        Brenda and Travaglini, Gabriele and Young, Donovan",
      title          = "{The SU(2|3) dynamic two-loop form factors}",
      journal        = "JHEP",
      volume         = "08",
      year           = "2016",
      pages          = "134",
      doi            = "10.1007/JHEP08(2016)134",
      eprint         = "1606.08682",
      archivePrefix  = "arXiv",
      primaryClass   = "hep-th",
      reportNumber   = "QMUL-PH-16-11",
      SLACcitation   = "%%CITATION = ARXIV:1606.08682;%%"
}

@article{Loebbert:2016xkw,
      author         = "Loebbert, Florian and Sieg, Christoph and Wilhelm,
                        Matthias and Yang, Gang",
      title          = "{Two-Loop SL(2) Form Factors and Maximal
                        Transcendentality}",
      journal        = "JHEP",
      volume         = "12",
      year           = "2016",
      pages          = "090",
      doi            = "10.1007/JHEP12(2016)090",
      eprint         = "1610.06567",
      archivePrefix  = "arXiv",
      primaryClass   = "hep-th",
      reportNumber   = "HU-MATH-2016-17, HU-EP-16-31",
      SLACcitation   = "%%CITATION = ARXIV:1610.06567;%%"
}


@article{Boels:2017gyc,
      author         = "Boels, Rutger H. and Luo, Hui",
      title          = "{A minimal approach to the scattering of physical
                        massless bosons}",
      year           = "2017",
      eprint         = "1710.10208",
      archivePrefix  = "arXiv",
      primaryClass   = "hep-th",
      SLACcitation   = "%%CITATION = ARXIV:1710.10208;%%"
}

@article{Boels:2018nrr,
      author         = "Boels, Rutger H. and Jin, Qingjun and Luo, Hui",
      title          = "{Efficient integrand reduction for particles with spin}",
      year           = "2018",
      eprint         = "1802.06761",
      archivePrefix  = "arXiv",
      primaryClass   = "hep-ph",
      reportNumber   = "MITP-18-013",
      SLACcitation   = "%%CITATION = ARXIV:1802.06761;%%"
}


@article{Catani:1998bh,
      author         = "Catani, Stefano",
      title          = "{The Singular behavior of QCD amplitudes at two loop
                        order}",
      journal        = "Phys. Lett.",
      volume         = "B427",
      year           = "1998",
      pages          = "161-171",
      doi            = "10.1016/S0370-2693(98)00332-3",
      eprint         = "hep-ph/9802439",
      archivePrefix  = "arXiv",
      primaryClass   = "hep-ph",
      reportNumber   = "CERN-TH-98-42, LPTHE-ORSAY-97-57",
      SLACcitation   = "%%CITATION = HEP-PH/9802439;%%"
}

@article{Sterman:2002qn,
      author         = "Sterman, George F. and Tejeda-Yeomans, Maria E.",
      title          = "{Multiloop amplitudes and resummation}",
      journal        = "Phys. Lett.",
      volume         = "B552",
      year           = "2003",
      pages          = "48-56",
      doi            = "10.1016/S0370-2693(02)03100-3",
      eprint         = "hep-ph/0210130",
      archivePrefix  = "arXiv",
      primaryClass   = "hep-ph",
      reportNumber   = "YITP-SB-02-56",
      SLACcitation   = "%%CITATION = HEP-PH/0210130;%%"
}




@article{Mueller:1979ih,
      author         = "Mueller, Alfred H.",
      title          = "{On the Asymptotic Behavior of the Sudakov Form-factor}",
      journal        = "Phys.Rev.",
      volume         = "D20",
      pages          = "2037",
      doi            = "10.1103/PhysRevD.20.2037",
      year           = "1979",
      reportNumber   = "CU-TP-158",
      SLACcitation   = "%%CITATION = PHRVA,D20,2037;%%",
}

@article{Collins:1980ih,
      author         = "Collins, John C.",
      title          = "{Algorithm to Compute Corrections to the Sudakov
                        Form-factor}",
      journal        = "Phys.Rev.",
      volume         = "D22",
      pages          = "1478",
      doi            = "10.1103/PhysRevD.22.1478",
      year           = "1980",
      reportNumber   = "Print-80-0421 (PRINCETON)",
      SLACcitation   = "%%CITATION = PHRVA,D22,1478;%%",
}



@article{Sen:1981sd,
      author         = "Sen, Ashoke",
      title          = "{Asymptotic Behavior of the Sudakov Form-Factor in QCD}",
      journal        = "Phys.Rev.",
      volume         = "D24",
      pages          = "3281",
      doi            = "10.1103/PhysRevD.24.3281",
      year           = "1981",
      reportNumber   = "ITP-SB-81-19",
      SLACcitation   = "%%CITATION = PHRVA,D24,3281;%%",
}


@article{Magnea:1990zb,
      author         = "Magnea, Lorenzo and Sterman, George F.",
      title          = "{Analytic continuation of the Sudakov form-factor in
                        QCD}",
      journal        = "Phys.Rev.",
      volume         = "D42",
      pages          = "4222-4227",
      doi            = "10.1103/PhysRevD.42.4222",
      year           = "1990",
      reportNumber   = "ITP-SB-90-43",
      SLACcitation   = "%%CITATION = PHRVA,D42,4222;%%",
}





@article{Bern:2005iz,
      author         = "Bern, Zvi and Dixon, Lance J. and Smirnov, Vladimir A.",
      title          = "{Iteration of planar amplitudes in maximally
                        supersymmetric Yang-Mills theory at three loops and
                        beyond}",
      journal        = "Phys. Rev.",
      volume         = "D72",
      year           = "2005",
      pages          = "085001",
      doi            = "10.1103/PhysRevD.72.085001",
      eprint         = "hep-th/0505205",
      archivePrefix  = "arXiv",
      primaryClass   = "hep-th",
      reportNumber   = "SLAC-PUB-11210, UCLA-05-TEP-14",
      SLACcitation   = "%%CITATION = HEP-TH/0505205;%%"
}






@article{Buchmuller:1985jz,
      author         = "Buchmuller, W. and Wyler, D.",
      title          = "{Effective Lagrangian Analysis of New Interactions and
                        Flavor Conservation}",
      journal        = "Nucl. Phys.",
      volume         = "B268",
      year           = "1986",
      pages          = "621-653",
      doi            = "10.1016/0550-3213(86)90262-2",
      reportNumber   = "CERN-TH-4254/85",
      SLACcitation   = "%%CITATION = NUPHA,B268,621;%%"
}

@article{Gracey:2002he,
      author         = "Gracey, J. A.",
      title          = "{Classification and one loop renormalization of
                        dimension-six and dimension-eight operators in quantum
                        gluodynamics}",
      journal        = "Nucl. Phys.",
      volume         = "B634",
      year           = "2002",
      pages          = "192-208",
      doi            = "10.1016/S0550-3213(02)00334-6,
                        10.1016/j.nuclphysb.2004.06.053",
      note           = "[Erratum: Nucl. Phys.B696,295(2004)]",
      eprint         = "hep-ph/0204266",
      archivePrefix  = "arXiv",
      primaryClass   = "hep-ph",
      reportNumber   = "LTH-536",
      SLACcitation   = "%%CITATION = HEP-PH/0204266;%%"
}

@article{Neill:2009tn,
      author         = "Neill, Duff",
      title          = "{Two-Loop Matching onto Dimension Eight Operators in the
                        Higgs-Glue Sector}",
      year           = "2009",
      eprint         = "0908.1573",
      archivePrefix  = "arXiv",
      primaryClass   = "hep-ph",
      SLACcitation   = "%%CITATION = ARXIV:0908.1573;%%"
}

@article{Harlander:2013oja,
      author         = "Harlander, Robert V. and Neumann, Tobias",
      title          = "{Probing the nature of the Higgs-gluon coupling}",
      journal        = "Phys. Rev.",
      volume         = "D88",
      year           = "2013",
      pages          = "074015",
      doi            = "10.1103/PhysRevD.88.074015",
      eprint         = "1308.2225",
      archivePrefix  = "arXiv",
      primaryClass   = "hep-ph",
      reportNumber   = "WUB-13-08",
      SLACcitation   = "%%CITATION = ARXIV:1308.2225;%%"
}

@article{Dawson:2014ora,
      author         = "Dawson, S. and Lewis, I. M. and Zeng, Mao",
      title          = "{Effective field theory for Higgs boson plus jet
                        production}",
      journal        = "Phys. Rev.",
      volume         = "D90",
      year           = "2014",
      number         = "9",
      pages          = "093007",
      doi            = "10.1103/PhysRevD.90.093007",
      eprint         = "1409.6299",
      archivePrefix  = "arXiv",
      primaryClass   = "hep-ph",
      reportNumber   = "YITP-SB-14-35",
      SLACcitation   = "%%CITATION = ARXIV:1409.6299;%%"
}


@article{Wilczek:1977zn,
      author         = "Wilczek, Frank",
      title          = "{Decays of Heavy Vector Mesons Into Higgs Particles}",
      journal        = "Phys. Rev. Lett.",
      volume         = "39",
      year           = "1977",
      pages          = "1304",
      doi            = "10.1103/PhysRevLett.39.1304",
      reportNumber   = "FERMILAB-PUB-77-080-THY, FERMILAB-PUB-77-080-T",
      SLACcitation   = "%%CITATION = PRLTA,39,1304;%%"
}

@article{Shifman:1979eb,
      author         = "Shifman, Mikhail A. and Vainshtein, A. I. and Voloshin,
                        M. B. and Zakharov, Valentin I.",
      title          = "{Low-Energy Theorems for Higgs Boson Couplings to
                        Photons}",
      journal        = "Sov. J. Nucl. Phys.",
      volume         = "30",
      year           = "1979",
      pages          = "711-716",
      note           = "[Yad. Fiz.30,1368(1979)]",
      reportNumber   = "ITEP-42-1979, ITEP-42",
      SLACcitation   = "%%CITATION = SJNCA,30,711;%%"
}

@article{Dawson:1990zj,
      author         = "Dawson, S.",
      title          = "{Radiative corrections to Higgs boson production}",
      journal        = "Nucl. Phys.",
      volume         = "B359",
      year           = "1991",
      pages          = "283-300",
      doi            = "10.1016/0550-3213(91)90061-2",
      reportNumber   = "PRINT-91-0092 (BNL), BNL-45446",
      SLACcitation   = "%%CITATION = NUPHA,B359,283;%%"
}


@article{Passarino:1978jh,
      author         = "Passarino, G. and Veltman, M. J. G.",
      title          = "{One Loop Corrections for e+ e- Annihilation Into mu+ mu-
                        in the Weinberg Model}",
      journal        = "Nucl. Phys.",
      volume         = "B160",
      year           = "1979",
      pages          = "151-207",
      doi            = "10.1016/0550-3213(79)90234-7",
      reportNumber   = "Print-79-0284 (UTRECHT)",
      SLACcitation   = "%%CITATION = NUPHA,B160,151;%%"
}



@article{Chetyrkin:1981qh,
      author         = "Chetyrkin, K.G. and Tkachov, F.V.",
      title          = "{Integration by Parts: The Algorithm to Calculate beta
                        Functions in 4 Loops}",
      journal        = "Nucl.Phys.",
      volume         = "B192",
      pages          = "159-204",
      doi            = "10.1016/0550-3213(81)90199-1",
      year           = "1981",
      SLACcitation   = "%%CITATION = NUPHA,B192,159;%%",
}

@article{Tkachov:1981wb,
      author         = "Tkachov, F.V.",
      title          = "{A Theorem on Analytical Calculability of Four Loop
                        Renormalization Group Functions}",
      journal        = "Phys.Lett.",
      volume         = "B100",
      pages          = "65-68",
      doi            = "10.1016/0370-2693(81)90288-4",
      year           = "1981",
      SLACcitation   = "%%CITATION = PHLTA,B100,65;%%",
}


@article{Bern:2007dw,
      author         = "Bern, Zvi and Dixon, Lance J. and Kosower, David A.",
      title          = "{On-Shell Methods in Perturbative QCD}",
      journal        = "Annals Phys.",
      volume         = "322",
      year           = "2007",
      pages          = "1587-1634",
      doi            = "10.1016/j.aop.2007.04.014",
      eprint         = "0704.2798",
      archivePrefix  = "arXiv",
      primaryClass   = "hep-ph",
      reportNumber   = "UCLA-07-TEP-11, SLAC-PUB-12447, SPHT-T07-039",
      SLACcitation   = "%%CITATION = ARXIV:0704.2798;%%"
}


@article{Xiao:2006vr,
      author         = "Xiao, Zhi-Guang and Yang, Gang and Zhu, Chuan-Jie",
      title          = "{The rational parts of one-loop QCD amplitudes I: The
                        general formalism}",
      journal        = "Nucl. Phys.",
      volume         = "B758",
      year           = "2006",
      pages          = "1-34",
      doi            = "10.1016/j.nuclphysb.2006.09.008",
      eprint         = "hep-ph/0607015",
      archivePrefix  = "arXiv",
      primaryClass   = "hep-ph",
      SLACcitation   = "%%CITATION = HEP-PH/0607015;%%"
}

@article{Ossola:2008xq,
      author         = "Ossola, Giovanni and Papadopoulos, Costas G. and Pittau,
                        Roberto",
      title          = "{On the Rational Terms of the one-loop amplitudes}",
      journal        = "JHEP",
      volume         = "05",
      year           = "2008",
      pages          = "004",
      doi            = "10.1088/1126-6708/2008/05/004",
      eprint         = "0802.1876",
      archivePrefix  = "arXiv",
      primaryClass   = "hep-ph",
      SLACcitation   = "%%CITATION = ARXIV:0802.1876;%%"
}


@article{Avdeev:1980bh,
      author         = "Avdeev, L.V. and Tarasov, O.V. and Vladimirov, A.A.",
      title          = "{V}ANISHING OF THE THREE LOOP CHARGE RENORMALIZATION
                        FUNCTION IN A SUPERSYMMETRIC GAUGE THEORY",
      journal        = "Phys.Lett.",
      volume         = "B96",
      pages          = "94-96",
      doi            = "10.1016/0370-2693(80)90219-1",
      year           = "1980",
      SLACcitation   = "%%CITATION = PHLTA,B96,94;%%",
}

@article{Baikov:2009bg,
      author         = "Baikov, P.A. and Chetyrkin, K.G. and Smirnov, A.V. and
                        Smirnov, V.A. and Steinhauser, M.",
      title          = "{Quark and gluon form factors to three loops}",
      journal        = "Phys.Rev.Lett.",
      volume         = "102",
      pages          = "212002",
      doi            = "10.1103/PhysRevLett.102.212002",
      year           = "2009",
      eprint         = "0902.3519",
      archivePrefix  = "arXiv",
      primaryClass   = "hep-ph",
      reportNumber   = "SFB-CPP-09-19, TTP09-05",
      SLACcitation   = "%%CITATION = ARXIV:0902.3519;%%",
}


@article{Moch:2004pa,
      author         = "Moch, S. and Vermaseren, J. A. M. and Vogt, A.",
      title          = "{The Three loop splitting functions in QCD: The
                        Nonsinglet case}",
      journal        = "Nucl. Phys.",
      volume         = "B688",
      year           = "2004",
      pages          = "101-134",
      doi            = "10.1016/j.nuclphysb.2004.03.030",
      eprint         = "hep-ph/0403192",
      archivePrefix  = "arXiv",
      primaryClass   = "hep-ph",
      reportNumber   = "DESY-04-047, SFB-CPP-04-09, NIKHEF-04-001",
      SLACcitation   = "%%CITATION = HEP-PH/0403192;%%"
}


@article{Bern:1994zx,
      author         = "Bern, Zvi and Dixon, Lance J. and Dunbar, David C. and
                        Kosower, David A.",
      title          = "{One loop n point gauge theory amplitudes, unitarity and
                        collinear limits}",
      journal        = "Nucl.Phys.",
      volume         = "B425",
      pages          = "217-260",
      doi            = "10.1016/0550-3213(94)90179-1",
      year           = "1994",
      eprint         = "hep-ph/9403226",
      archivePrefix  = "arXiv",
      primaryClass   = "hep-ph",
      reportNumber   = "SLAC-PUB-6415, SACLAY-SPH-T-94-20, UCLA-TEP-94-4,
                        SWAT-94-17",
      SLACcitation   = "%%CITATION = HEP-PH/9403226;%%",
}

@article{Bern:1994cg,
      author         = "Bern, Zvi and Dixon, Lance J. and Dunbar, David C. and
                        Kosower, David A.",
      title          = "{Fusing gauge theory tree amplitudes into loop
                        amplitudes}",
      journal        = "Nucl. Phys.",
      volume         = "B435",
      year           = "1995",
      pages          = "59-101",
      doi            = "10.1016/0550-3213(94)00488-Z",
      eprint         = "hep-ph/9409265",
      archivePrefix  = "arXiv",
      primaryClass   = "hep-ph",
      reportNumber   = "SLAC-PUB-6563, SACLAY-SPH-T-94-95, UCLA-TEP-94-29,
                        SWAT-94-36",
      SLACcitation   = "%%CITATION = HEP-PH/9409265;%%"
}


@article{Bern:1998ug,
      author         = "Bern, Z. and Dixon, Lance J. and Dunbar, D.C. and
                        Perelstein, M. and Rozowsky, J.S.",
      title          = "{On the relationship between Yang-Mills theory and
                        gravity and its implication for ultraviolet divergences}",
      journal        = "Nucl.Phys.",
      volume         = "B530",
      pages          = "401-456",
      doi            = "10.1016/S0550-3213(98)00420-9",
      year           = "1998",
      eprint         = "hep-th/9802162",
      archivePrefix  = "arXiv",
      primaryClass   = "hep-th",
      reportNumber   = "SLAC-PUB-7751, UCLA-98-TEP-03, SWAT-98-183",
      SLACcitation   = "%%CITATION = HEP-TH/9802162;%%",
}



@article{Bern:2008pv,
      author         = "Bern, Z. and Carrasco, J.J.M. and Dixon, Lance J. and
                        Johansson, Henrik and Roiban, R.",
      title          = "{Manifest Ultraviolet Behavior for the Three-Loop
                        Four-Point Amplitude of N=8 Supergravity}",
      journal        = "Phys.Rev.",
      volume         = "D78",
      pages          = "105019",
      doi            = "10.1103/PhysRevD.78.105019",
      year           = "2008",
      eprint         = "0808.4112",
      archivePrefix  = "arXiv",
      primaryClass   = "hep-th",
      reportNumber   = "SLAC-PUB-13361, UCLA-08-TEP-24",
      SLACcitation   = "%%CITATION = ARXIV:0808.4112;%%",
}


@Article{Bern:2008qj,
     author    = "Bern, Z. and Carrasco, J. J. M. and Johansson, Henrik",
     title     = "{New Relations for Gauge-Theory Amplitudes}",
     journal   = "Phys. Rev.",
     volume    = "D78",
     year      = "2008",
     pages     = "085011",
     eprint    = "0805.3993",
     archivePrefix = "arXiv",
     primaryClass  =  "hep-ph",
     doi       = "10.1103/PhysRevD.78.085011",
     SLACcitation  = "%%CITATION = 0805.3993;%%"
}


@article{Bern:2009kd,
      author         = "Bern, Z. and Carrasco, J.J. and Dixon, Lance J. and
                        Johansson, H. and Roiban, R.",
      title          = "{The Ultraviolet Behavior of N=8 Supergravity at Four
                        Loops}",
      journal        = "Phys.Rev.Lett.",
      volume         = "103",
      pages          = "081301",
      doi            = "10.1103/PhysRevLett.103.081301",
      year           = "2009",
      eprint         = "0905.2326",
      archivePrefix  = "arXiv",
      primaryClass   = "hep-th",
      reportNumber   = "SLAC-PUB-13608, UCLA-09-TEP-09-47",
      SLACcitation   = "%%CITATION = ARXIV:0905.2326;%%",
}


@article{Bern:2009xq,
      author         = "Bern, Z. and Carrasco, J.J.M. and Ita, H. and Johansson,
                        H. and Roiban, R.",
      title          = "{On the Structure of Supersymmetric Sums in Multi-Loop
                        Unitarity Cuts}",
      journal        = "Phys.Rev.",
      volume         = "D80",
      pages          = "065029",
      doi            = "10.1103/PhysRevD.80.065029",
      year           = "2009",
      eprint         = "0903.5348",
      archivePrefix  = "arXiv",
      primaryClass   = "hep-th",
      reportNumber   = "UCLA-09-TEP-41",
      SLACcitation   = "%%CITATION = ARXIV:0903.5348;%%",
}



@article{Bern:2010yg,
      author         = "Bern, Zvi and Dennen, Tristan and Huang, Yu-tin and
                        Kiermaier, Michael",
      title          = "{Gravity as the Square of Gauge Theory}",
      journal        = "Phys.Rev.",
      volume         = "D82",
      pages          = "065003",
      doi            = "10.1103/PhysRevD.82.065003",
      year           = "2010",
      eprint         = "1004.0693",
      archivePrefix  = "arXiv",
      primaryClass   = "hep-th",
      reportNumber   = "UCLA-TEP-10-103, PUPT-2335",
      SLACcitation   = "%%CITATION = ARXIV:1004.0693;%%",
}


@article{Bern:2010ue,
      author         = "Bern, Zvi and Carrasco, John Joseph M. and Johansson,
                        Henrik",
      title          = "{Perturbative Quantum Gravity as a Double Copy of Gauge
                        Theory}",
      journal        = "Phys.Rev.Lett.",
      volume         = "105",
      pages          = "061602",
      doi            = "10.1103/PhysRevLett.105.061602",
      year           = "2010",
      eprint         = "1004.0476",
      archivePrefix  = "arXiv",
      primaryClass   = "hep-th",
}

@article{Bern:2010tq,
      author         = "Bern, Z. and Carrasco, J.J.M. and Dixon, Lance J. and
                        Johansson, H. and Roiban, R.",
      title          = "{The Complete Four-Loop Four-Point Amplitude in N=4
                        Super-Yang-Mills Theory}",
      journal        = "Phys.Rev.",
      volume         = "D82",
      pages          = "125040",
      doi            = "10.1103/PhysRevD.82.125040",
      year           = "2010",
      eprint         = "1008.3327",
      archivePrefix  = "arXiv",
      primaryClass   = "hep-th",
      reportNumber   = "UCLA-10-TEP-105, SACLAY-IPHT-T10-075, SLAC-PUB-14137,
                        CERN-TH-2010-186",
      SLACcitation   = "%%CITATION = ARXIV:1008.3327;%%",
}


@article{Bern:2012uf,
      author         = "Bern, Z. and Carrasco, J.J.M. and Dixon, L.J. and
                        Johansson, H. and Roiban, R.",
      title          = "{Simplifying Multiloop Integrands and Ultraviolet
                        Divergences of Gauge Theory and Gravity Amplitudes}",
      journal        = "Phys.Rev.",
      volume         = "D85",
      pages          = "105014",
      doi            = "10.1103/PhysRevD.85.105014",
      year           = "2012",
      eprint         = "1201.5366",
      archivePrefix  = "arXiv",
      primaryClass   = "hep-th",
      reportNumber   = "SLAC-PUB-14529",
      SLACcitation   = "%%CITATION = ARXIV:1201.5366;%%",
}



@article{Bern:2012cd,
      author         = "Bern, Zvi and Davies, Scott and Dennen, Tristan and
                        Huang, Yu-tin",
      title          = "{Absence of Three-Loop Four-Point Divergences in N=4
                        Supergravity}",
      journal        = "Phys.Rev.Lett.",
      volume         = "108",
      pages          = "201301",
      doi            = "10.1103/PhysRevLett.108.201301",
      year           = "2012",
      eprint         = "1202.3423",
      archivePrefix  = "arXiv",
      primaryClass   = "hep-th",
      reportNumber   = "UCLA-12-TEP-101, CERN-PH-TH-2012-041",
      SLACcitation   = "%%CITATION = ARXIV:1202.3423;%%",
}


@article{Bern:2012gh,
      author         = "Bern, Zvi and Davies, Scott and Dennen, Tristan and
                        Huang, Yu-tin",
      title          = "{Ultraviolet Cancellations in Half-Maximal Supergravity
                        as a Consequence of the Double-Copy Structure}",
      year           = "2012",
      eprint         = "1209.2472",
      archivePrefix  = "arXiv",
      primaryClass   = "hep-th",
      reportNumber   = "UCLA-12-TEP-106, MCTP-12-21",
      SLACcitation   = "%%CITATION = ARXIV:1209.2472;%%",
}


@article{Bern:2012uc,
      author         = "Bern, Z. and Carrasco, J.J.M. and Johansson, H. and
                        Roiban, R.",
      title          = "{The Five-Loop Four-Point Amplitude of N=4
                        super-Yang-Mills Theory}",
      year           = "2012",
      eprint         = "1207.6666",
      archivePrefix  = "arXiv",
      primaryClass   = "hep-th",
      reportNumber   = "UCLA-12-TEP-105, SU-ITP-12-22, SACLAY-IPHT-T12-056",
      SLACcitation   = "%%CITATION = ARXIV:1207.6666;%%",
}


@article{BjerrumBohr:2012mg,
      author         = "Bjerrum-Bohr, N. E. J. and Damgaard, Poul H. and Monteiro,
                        Ricardo and O'Connell, Donal",
      title          = "{Algebras for Amplitudes}",
      year           = "2012",
      eprint         = "1203.0944",
      archivePrefix  = "arXiv",
      primaryClass   = "hep-th",
      reportNumber   = "IHES-P-12-03",
      SLACcitation   = "%%CITATION = ARXIV:1203.0944;%%",
}


@article{Brandhuber:2012vm,
      author         = "Brandhuber, Andreas and Travaglini, Gabriele and Yang,
                        Gang",
      title          = "{Analytic two-loop form factors in N=4 SYM}",
      journal        = "JHEP",
      volume         = "1205",
      pages          = "082",
      year           = "2012",
      eprint         = "1201.4170",
      archivePrefix  = "arXiv",
      primaryClass   = "hep-th",
      SLACcitation   = "%%CITATION = ARXIV:1201.4170;%%",
}

@article{Broadhurst:1997pe,
      author         = "Broadhurst, David J.",
      title          = "{Conjectured enumeration of Vassilev invariants}",
      year           = "1997",
      eprint         = "q-alg/9709031",
      archivePrefix  = "arXiv",
      primaryClass   = "q-alg",
      reportNumber   = "OUT-4102-69",
      SLACcitation   = "%%CITATION = Q-ALG/9709031;%%",
}


@article{Carrasco:2011mn,
      author         = "Carrasco, John JosephM. and Johansson, Henrik",
      title          = "{Five-Point Amplitudes in N=4 Super-Yang-Mills Theory and
                        N=8 Supergravity}",
      journal        = "Phys.Rev.",
      volume         = "D85",
      pages          = "025006",
      doi            = "10.1103/PhysRevD.85.025006",
      year           = "2012",
      eprint         = "1106.4711",
      archivePrefix  = "arXiv",
      primaryClass   = "hep-th",
      reportNumber   = "SU-ITP-11-32, SACLAY-IPHT-T11-152",
      SLACcitation   = "%%CITATION = ARXIV:1106.4711;%%",
}



@article{DelDuca:1999rs,
      author         = "Del Duca, Vittorio and Dixon, Lance J. and Maltoni,
                        Fabio",
      title          = "{New color decompositions for gauge amplitudes at tree
                        and loop level}",
      journal        = "Nucl.Phys.",
      volume         = "B571",
      pages          = "51-70",
      doi            = "10.1016/S0550-3213(99)00809-3",
      year           = "2000",
      eprint         = "hep-ph/9910563",
      archivePrefix  = "arXiv",
      primaryClass   = "hep-ph",
      reportNumber   = "SLAC-PUB-8294, DFTT-53-99",
      SLACcitation   = "%%CITATION = HEP-PH/9910563;%%",
}



@misc{DiaGen,
      author         = "Czakon, Michal",
      title	="{D}ia{G}en",
      howpublished          = "{http://www-zeuthen.desy.de/theory/capp2005/Course/czakon/}",
      year           = "2005"
}

@article{Dixon:2011xs,
      author         = "Dixon, Lance J.",
      title          = "{Scattering amplitudes: the most perfect microscopic
                        structures in the universe}",
      journal        = "J.Phys.",
      volume         = "A44",
      pages          = "454001",
      doi            = "10.1088/1751-8113/44/45/454001",
      year           = "2011",
      eprint         = "1105.0771",
      archivePrefix  = "arXiv",
      primaryClass   = "hep-th",
      reportNumber   = "SLAC-PUB-14447, CERN-PH-TH-2011-092",
      SLACcitation   = "%%CITATION = ARXIV:1105.0771;%%",
}


@article{Elvang:2008vz,
      author         = "Elvang, Henriette and Freedman, Daniel Z. and Kiermaier,
                        Michael",
      title          = "{Proof of the MHV vertex expansion for all tree
                        amplitudes in N=4 SYM theory}",
      journal        = "JHEP",
      volume         = "0906",
      pages          = "068",
      doi            = "10.1088/1126-6708/2009/06/068",
      year           = "2009",
      eprint         = "0811.3624",
      archivePrefix  = "arXiv",
      primaryClass   = "hep-th",
      reportNumber   = "MIT-CTP-4000, UUITP-26-08",
      SLACcitation   = "%%CITATION = ARXIV:0811.3624;%%",
}




@article{Engelund:2012re,
      author         = "Engelund, O. Tang and Roiban, R.",
      title          = "{Correlation functions of local composite operators from
                        generalized unitarity}",
      year           = "2012",
      eprint         = "1209.0227",
      archivePrefix  = "arXiv",
      primaryClass   = "hep-th",
      SLACcitation   = "%%CITATION = ARXIV:1209.0227;%%",
}


@article{Gehrmann:2010ue,
      author         = "Gehrmann, T. and Glover, E.W.N. and Huber, T. and
                        Ikizlerli, N. and Studerus, C.",
      title          = "{Calculation of the quark and gluon form factors to three
                        loops in QCD}",
      journal        = "JHEP",
      volume         = "1006",
      pages          = "094",
      doi            = "10.1007/JHEP06(2010)094",
      year           = "2010",
      eprint         = "1004.3653",
      archivePrefix  = "arXiv",
      primaryClass   = "hep-ph",
      reportNumber   = "ZU-TH-07-10, IPPP-10-26, SI-HEP-2010-09",
      SLACcitation   = "%%CITATION = ARXIV:1004.3653;%%",
}


@article{Gehrmann:2011aa,
      author         = "Gehrmann, T. and Jaquier, M. and Glover, E.W.N. and
                        Koukoutsakis, A.",
      title          = "{Two-Loop QCD Corrections to the Helicity Amplitudes for
                        $H \to$ 3 partons}",
      journal        = "JHEP",
      volume         = "1202",
      pages          = "056",
      doi            = "10.1007/JHEP02(2012)056",
      year           = "2012",
      eprint         = "1112.3554",
      archivePrefix  = "arXiv",
      primaryClass   = "hep-ph",
      reportNumber   = "IPPP-11-77, ZU-TH-24-11",
      SLACcitation   = "%%CITATION = ARXIV:1112.3554;%%",
}


@article{Duhr:2012fh,
      author         = "Duhr, Claude",
      title          = "{Hopf algebras, coproducts and symbols: an application to
                        Higgs boson amplitudes}",
      journal        = "JHEP",
      volume         = "08",
      year           = "2012",
      pages          = "043",
      doi            = "10.1007/JHEP08(2012)043",
      eprint         = "1203.0454",
      archivePrefix  = "arXiv",
      primaryClass   = "hep-ph",
      SLACcitation   = "%%CITATION = ARXIV:1203.0454;%%"
}


@article{Gehrmann:2011xn,
      author         = "Gehrmann, Thomas and Henn, Johannes M. and Huber, Tobias",
      title          = "{The three-loop form factor in N=4 super Yang-Mills}",
      journal        = "JHEP",
      volume         = "1203",
      pages          = "101",
      year           = "2012",
      eprint         = "1112.4524",
      archivePrefix  = "arXiv",
      primaryClass   = "hep-th",
      reportNumber   = "HU-EP-11-11-61, NSF-KITP-11-268, ZU-TH-28-11,
                        SI-HEP-2011-19",
      SLACcitation   = "%%CITATION = ARXIV:1112.4524;%%",
}


@misc{inprogress, 
      author         = "Boels, Rutger H. and Kniehl, Bernd A. and Tarasov,
                        Oleg V. and Yang, Gang",
      title          = "{to appear}"
}




@misc{Kierm:2010xq,
      author         = "Kiermaier, Michael",
      title          = "{Gravity as the Square of Gauge Theory}",
      journal        = "Amplitudes 2010, Queen Mary, University of London",
howpublished = "{\url{http://www.strings.ph.qmul.ac.uk/~theory/Amplitudes2010/Talks/MK2010.pdf}}"
}

@article{Kleiss:1988ne,
      author         = "Kleiss, Ronald and Kuijf, Hans",
      title          = "MULTI - GLUON CROSS-SECTIONS AND FIVE JET PRODUCTION AT
                        HADRON COLLIDERS",
      journal        = "Nucl.Phys.",
      volume         = "B312",
      pages          = "616",
      doi            = "10.1016/0550-3213(89)90574-9",
      year           = "1989",
}


@article{Kotikov:2002ab,
      author         = "Kotikov, A. V. and Lipatov, L. N.",
      title          = "{DGLAP and BFKL equations in the $N=4$ supersymmetric
                        gauge theory}",
      journal        = "Nucl. Phys.",
      volume         = "B661",
      year           = "2003",
      pages          = "19-61",
      doi            = "10.1016/S0550-3213(03)00264-5,
                        10.1016/j.nuclphysb.2004.02.032",
      note           = "[Erratum: Nucl. Phys.B685,405(2004)]",
      eprint         = "hep-ph/0208220",
      archivePrefix  = "arXiv",
      primaryClass   = "hep-ph",
      SLACcitation   = "%%CITATION = HEP-PH/0208220;%%"
}


@article{Kotikov:2004er,
      author         = "Kotikov, A.V. and Lipatov, L.N. and Onishchenko, A.I. and
                        Velizhanin, V.N.",
      title          = "{Three loop universal anomalous dimension of the Wilson
                        operators in N=4 SUSY Yang-Mills model}",
      journal        = "Phys.Lett.",
      volume         = "B595",
      pages          = "521-529",
      doi            = "10.1016/j.physletb.2004.05.078,
                        10.1016/j.physletb.2004.05.078",
      year           = "2004",
      eprint         = "hep-th/0404092",
      archivePrefix  = "arXiv",
      primaryClass   = "hep-th",
      reportNumber   = "WSU-HEP-0405",
      SLACcitation   = "%%CITATION = HEP-TH/0404092;%%",
}


@article{Mafra:2011kj,
      author         = "Mafra, Carlos R. and Schlotterer, Oliver and Stieberger,
                        Stephan",
      title          = "{Explicit BCJ Numerators from Pure Spinors}",
      journal        = "JHEP",
      volume         = "1107",
      pages          = "092",
      doi            = "10.1007/JHEP07(2011)092",
      year           = "2011",
      eprint         = "1104.5224",
      archivePrefix  = "arXiv",
      primaryClass   = "hep-th",
      SLACcitation   = "%%CITATION = ARXIV:1104.5224;%%",
}


@article{Monteiro:2011pc,
      author         = "Monteiro, Ricardo and O'Connell, Donal",
      title          = "{The Kinematic Algebra From the Self-Dual Sector}",
      journal        = "JHEP",
      volume         = "1107",
      pages          = "007",
      doi            = "10.1007/JHEP07(2011)007",
      year           = "2011",
      eprint         = "1105.2565",
      archivePrefix  = "arXiv",
      primaryClass   = "hep-th",
      SLACcitation   = "%%CITATION = ARXIV:1105.2565;%%",
}


@article{Oxburgh:2012zr,
      author         = "Oxburgh, S. and White, C.D.",
      title          = "{BCJ duality and the double copy in the soft limit}",
      year           = "2012",
      eprint         = "1210.1110",
      archivePrefix  = "arXiv",
      primaryClass   = "hep-th",
      SLACcitation   = "%%CITATION = ARXIV:1210.1110;%%",
}

@article{Tarasov:1980au,
      author         = "Tarasov, O.V. and Vladimirov, A.A. and Zharkov, A. Yu.",
      title          = "{The Gell-Mann-Low Function of QCD in the Three Loop
                        Approximation}",
      journal        = "Phys.Lett.",
      volume         = "B93",
      pages          = "429-432",
      doi            = "10.1016/0370-2693(80)90358-5",
      year           = "1980",
      SLACcitation   = "%%CITATION = PHLTA,B93,429;%%",
}


@article{Tarasov:1980kx,
      author         	= "Tarasov, O.V. and Vladimirov, A.A.",
      title          	= "{T}HREE LOOP CALCULATIONS IN NONABELIAN GAUGE THEORIES",
      note   		= "JINR-E2-80-483",
      year           	= "1980",
      SLACcitation   = "%%CITATION = JINR-E2-80-483 ETC.;%%",
}


@misc{toappearwithDonalRicardo, 
      author         = "Boels, Rutger H. and Isermann, Reinke Sven and Monteiro,
                        Ricardo and O'Connell, Donal",
      year	= "2012",
      title          = "{to appear}"

}

@misc{toappearwithreinke, 
      author         = "Boels, Rutger H. and Isermann, Reinke Sven",
      year	= "2012",
      title          = "{to appear}"
}


@article{vanNeerven:1985ja,
      author         = "van Neerven, W.L.",
      title          = "{I}NFRARED BEHAVIOR OF ON-SHELL FORM-FACTORS IN A {N}=4
                        SUPERSYMMETRIC {Y}ANG-{M}ILLS FIELD THEORY",
      journal        = "Z.Phys.",
      volume         = "C30",
      pages          = "595",
      doi            = "10.1007/BF01571808",
      year           = "1986",
      reportNumber   = "DO-TH-85-19",
      SLACcitation   = "%%CITATION = ZEPYA,C30,595;%%",
}

@article{vanRitbergen:1997va,
      author         = "van Ritbergen, T. and Vermaseren, J.A.M. and Larin, S.A.",
      title          = "{The Four loop beta function in quantum chromodynamics}",
      journal        = "Phys.Lett.",
      volume         = "B400",
      pages          = "379-384",
      doi            = "10.1016/S0370-2693(97)00370-5",
      year           = "1997",
      eprint         = "hep-ph/9701390",
      archivePrefix  = "arXiv",
      primaryClass   = "hep-ph",
      reportNumber   = "UM-TH-97-01, NIKHEF-97-001",
      SLACcitation   = "%%CITATION = HEP-PH/9701390;%%",
}


@article{vanRitbergen:1998pn,
      author         = "van Ritbergen, T. and Schellekens, A.N. and Vermaseren,
                        J.A.M.",
      title          = "{Group theory factors for Feynman diagrams}",
      journal        = "Int.J.Mod.Phys.",
      volume         = "A14",
      pages          = "41-96",
      doi            = "10.1142/S0217751X99000038",
      year           = "1999",
      eprint         = "hep-ph/9802376",
      archivePrefix  = "arXiv",
      primaryClass   = "hep-ph",
      reportNumber   = "UM-TH-98-01, NIKHEF-98-004",
      SLACcitation   = "%%CITATION = HEP-PH/9802376;%%",
}


@article{Velizhanin:2009gv,
      author         = "Velizhanin, V.N.",
      title          = "{The Non-planar contribution to the four-loop universal
                        anomalous dimension in N=4 Supersymmetric Yang-Mills
                        theory}",
      journal        = "JETP Lett.",
      volume         = "89",
      pages          = "593-596",
      doi            = "10.1134/S0021364009120017",
      year           = "2009",
      eprint         = "0902.4646",
      archivePrefix  = "arXiv",
      primaryClass   = "hep-th",
      SLACcitation   = "%%CITATION = ARXIV:0902.4646;%%",
}

@article{Vermaseren:2000nd,
      author         = "Vermaseren, J.A.M.",
      title          = "{New features of FORM}",
      year           = "2000",
      eprint         = "math-ph/0010025",
      archivePrefix  = "arXiv",
      primaryClass   = "math-ph",
      SLACcitation   = "%%CITATION = MATH-PH/0010025;%%",
}


@article{'tHooft:1973jz,
      author         = "'t Hooft, Gerard",
      title          = "{A Planar Diagram Theory for Strong Interactions}",
      journal        = "Nucl.Phys.",
      volume         = "B72",
      pages          = "461",
      doi            = "10.1016/0550-3213(74)90154-0",
      year           = "1974",
      reportNumber   = "CERN-TH-1786",
      SLACcitation   = "%%CITATION = NUPHA,B72,461;%%",
}






@article{jaxodraw1,
      author         = "Binosi, D. and Theussl, L.",
      title          = "{JaxoDraw: A Graphical user interface for drawing Feynman
                        diagrams}",
      journal        = "Comput.Phys.Commun.",
      volume         = "161",
      pages          = "76-86",
      doi            = "10.1016/j.cpc.2004.05.001",
      year           = "2004",
      eprint         = "hep-ph/0309015",
      archivePrefix  = "arXiv",
      primaryClass   = "hep-ph",
      reportNumber   = "FTUV-03-0902",
      SLACcitation   = "%%CITATION = HEP-PH/0309015;%%",
}


@article{Brandhuber:2010ad,
      author         = "Brandhuber, Andreas and Spence, Bill and Travaglini,
                        Gabriele and Yang, Gang",
      title          = "{Form Factors in N=4 Super Yang-Mills and Periodic Wilson
                        Loops}",
      journal        = "JHEP",
      volume         = "1101",
      pages          = "134",
      doi            = "10.1007/JHEP01(2011)134",
      year           = "2011",
      eprint         = "1011.1899",
      archivePrefix  = "arXiv",
      primaryClass   = "hep-th",
      reportNumber   = "QMUL-10-18",
      SLACcitation   = "%%CITATION = ARXIV:1011.1899;%%",
}

@article{Bork:2010wf,
      author         = "Bork, L.V. and Kazakov, D.I. and Vartanov, G.S.",
      title          = "{On form factors in N=4 sym}",
      journal        = "JHEP",
      volume         = "1102",
      pages          = "063",
      doi            = "10.1007/JHEP02(2011)063",
      year           = "2011",
      eprint         = "1011.2440",
      archivePrefix  = "arXiv",
      primaryClass   = "hep-th",
      SLACcitation   = "%%CITATION = ARXIV:1011.2440;%%",
}

@article{Brandhuber:2011tv,
      author         = "Brandhuber, Andreas and Gurdogan, Omer and Mooney, Robert
                        and Travaglini, Gabriele and Yang, Gang",
      title          = "{Harmony of Super Form Factors}",
      journal        = "JHEP",
      volume         = "1110",
      pages          = "046",
      doi            = "10.1007/JHEP10(2011)046",
      year           = "2011",
      eprint         = "1107.5067",
      archivePrefix  = "arXiv",
      primaryClass   = "hep-th",
      reportNumber   = "QMUL-11-08, NSF-KITP-11-146",
      SLACcitation   = "%%CITATION = ARXIV:1107.5067;%%",
}

@article{Bork:2011cj,
      author         = "Bork, L.V. and Kazakov, D.I. and Vartanov, G.S.",
      title          = "{On MHV Form Factors in Superspace for N=4
                        SYM Theory}",
      journal        = "JHEP",
      volume         = "1110",
      pages          = "133",
      doi            = "10.1007/JHEP10(2011)133",
      year           = "2011",
      eprint         = "1107.5551",
      archivePrefix  = "arXiv",
      primaryClass   = "hep-th",
      reportNumber   = "AEI-2011-048",
      SLACcitation   = "%%CITATION = ARXIV:1107.5551;%%",
}

@article{Henn:2011by,
      author         = "Henn, Johannes M. and Moch, Sven and Naculich, Stephen
                        G.",
      title          = "{Form factors and scattering amplitudes in N=4 SYM in
                        dimensional and massive regularizations}",
      journal        = "JHEP",
      volume         = "1112",
      pages          = "024",
      doi            = "10.1007/JHEP12(2011)024",
      year           = "2011",
      eprint         = "1109.5057",
      archivePrefix  = "arXiv",
      primaryClass   = "hep-th",
      reportNumber   = "HU-EP-11-41, DESY-11-148, BOW-PH-150, NSF-KITP-11-197",
      SLACcitation   = "%%CITATION = ARXIV:1109.5057;%%",
}


@article{Bork:2012tt,
      author         = "Bork, L.V.",
      title          = "{On NMHV form factors in N=4 SYM theory from generalized
                        unitarity}",
      year           = "2012",
      eprint         = "1203.2596",
      archivePrefix  = "arXiv",
      primaryClass   = "hep-th",
      SLACcitation   = "%%CITATION = ARXIV:1203.2596;%%",
}


@article{Britto:2004nc,
      author         = "Britto, Ruth and Cachazo, Freddy and Feng, Bo",
      title          = "{Generalized unitarity and one-loop amplitudes in N=4
                        super-Yang-Mills}",
      journal        = "Nucl.Phys.",
      volume         = "B725",
      pages          = "275-305",
      doi            = "10.1016/j.nuclphysb.2005.07.014",
      year           = "2005",
      eprint         = "hep-th/0412103",
      archivePrefix  = "arXiv",
      primaryClass   = "hep-th",
      SLACcitation   = "%%CITATION = HEP-TH/0412103;%%",
}



@article{jaxodraw2,
      author         = "Binosi, D. and Collins, J. and Kaufhold, C. and Theussl,
                        L.",
      title          = "{JaxoDraw: A Graphical user interface for drawing Feynman
                        diagrams. Version 2.0 release notes}",
      journal        = "Comput.Phys.Commun.",
      volume         = "180",
      pages          = "1709-1715",
      doi            = "10.1016/j.cpc.2009.02.020",
      year           = "2009",
      eprint         = "0811.4113",
      archivePrefix  = "arXiv",
      primaryClass   = "hep-ph",
      reportNumber   = "ECT*-08-10",
      SLACcitation   = "%%CITATION = ARXIV:0811.4113;%%",
}


@article{Axodraw,
      author         = "Vermaseren, J.A.M.",
      title          = "{Axodraw}",
      journal        = "Comput.Phys.Commun.",
      volume         = "83",
      pages          = "45-58",
      doi            = "10.1016/0010-4655(94)90034-5",
      year           = "1994",
      SLACcitation   = "%%CITATION = CPHCB,83,45;%%",
}


@article{Alday:2007he,
      author         = "Alday, Luis F. and Maldacena, Juan",
      title          = "{Comments on gluon scattering amplitudes via AdS/CFT}",
      journal        = "JHEP",
      volume         = "0711",
      pages          = "068",
      doi            = "10.1088/1126-6708/2007/11/068",
      year           = "2007",
      eprint         = "0710.1060",
      archivePrefix  = "arXiv",
      primaryClass   = "hep-th",
      reportNumber   = "SPIN-07-41, ITP-UU-07-55",
      SLACcitation   = "%%CITATION = ARXIV:0710.1060;%%",
}


@article{Maldacena:2010kp,
      author         = "Maldacena, Juan and Zhiboedov, Alexander",
      title          = "{Form factors at strong coupling via a Y-system}",
      journal        = "JHEP",
      volume         = "1011",
      pages          = "104",
      doi            = "10.1007/JHEP11(2010)104",
      year           = "2010",
      eprint         = "1009.1139",
      archivePrefix  = "arXiv",
      primaryClass   = "hep-th",
      SLACcitation   = "%%CITATION = ARXIV:1009.1139;%%",
}



